2451 3569
328 1140 415 1194 fig.
454 1152 490 1181 1

506 288 545 336 8
591 270 1153 341 INVESTIGATIO
1196 271 1511 334 CVRVAR.
1580 271 1788 355 QVAE
1836 268 2315 346 EVOLVTAE

502 437 590 493 ἂο
633 451 724 508 pro
748 434 961 507 qualibet
1001 435 1146 491 datae
1187 450 1367 491 curuae
1416 431 1638 488 euoluta
1655 432 1799 490 facile
1834 435 1933 490 erit
1955 445 2064 511 tum
2099 447 2272 489 arcum

504 523 695 579 ῐιῖίοιιε
736 520 1034 576 euolutionis
1076 522 1200 576 dato
1242 522 1373 576 arcui
1416 536 1441 576 s
1485 520 1538 573 in
1592 519 1708 572 ἀπα
1766 537 1915 576 curua
1960 519 2270 594 responden·

507 620 618 661 tem
643 605 919 678 assignare,
962 620 1075 662 tum
1117 608 1275 660 eti-rm
1319 605 1517 660 radium
1557 601 1753 677 osculi3
1802 604 1900 661 hae
1940 621 2068 660 vero
2109 603 2269 676 fingu-

502 692 579 751 lae
623 690 959 762 expressiones
1001 704 1108 743 tam
1176 688 1478 742 affirmatiue
1539 687 1649 749 sunt
1713 689 2032 762 accipiendae
2074 704 2227 761 quam
2253 730 2275 759 ,

505 776 732 846 negarine
757 816 772 844 ‚
814 773 1057 846 siquidem
1111 773 1371 827 solutiones
1413 771 1783 845 problematum
1813 774 2273 848 proponendorum

505 858 735 915 lat-iffime
780 871 1005 930 patentes
1049 859 1398 913 defideramuS.

663 944 707 1009 ξ.
741 951 796 999 8.
852 944 1172 1017 Proponatur
1225 945 1381 1017 vigitur
1434 958 1502 996 ex
1558 940 1654 995 isto
1697 942 2042 1016 quaestimum
2089 959 2275 1016 genere

507 1030 777 1103 problema
822 1033 1093 1104 primum,
1138 1033 1273 1101 quod
1321 1030 1385 1083 ita
1430 1027 1477 1080 se
1521 1026 1676 1082 habet

547 1115 744 1171 Ifzuenit
745 1132 772 1170 e
815 1133 1013 1172 curnam
1048 1116 1102 1173 A
1116 1114 1244 1173 ΜΒ
1282 1128 1410 1190 quae
1436 1107 1562 1188 suae
1604 1110 1815 1170 euolutae
1844 1114 2043 1189 primae
2082 1113 2230 1170 abm

548 1200 728 1257 direffle
753 1200 829 1275 fit
853 1201 1049 1276 stmilis.

506 1287 728 1343 Ponatur
781 1302 874 1358 pro
915 1304 1067 1342 curua
1135 1288 1342 1361 quaesita
1399 1284 1591 1342 ΑΜΒ
1645 1300 1782 1344 arcus
1833 1286 1895 1342 ad
1943 1285 2159 1341 lubitum
2204 1284 2273 1339 ai:

510 1371 699 1424 sumtus
741 1370 1026 1440 AM:s‚
1068 1384 1120 1424 et
1161 1375 1321 1425 radius
1361 1371 1512 1424 osculi
1555 1374 1610 1426 in
1656 1372 1851 1443 puncto
1896 1367 2120 1441 Mz-r3
2143 1385 2276 1424 cres-

510 1467 720 1526 cantque
763 1454 888 1509 radii
944 1456 1098 1509 osculi
1143 1456 1206 1507 ab
1249 1457 1304 1509 A
1352 1453 1515 1508 versus
1557 1453 1605 1509 B
1659 1445 1942 1510 recedendo
1962 1497 1980 1525 ,
2027 1472 2122 1527 qua
2163 1453 2278 1526 qui·

515 1541 639 1594 dem
694 1539 986 1595 conditione
1049 1539 1332 1612 amplitudo
1396 1539 1727 1610 problematis
1777 1556 1880 1593 non
1936 1538 2276 1609 restringitur,

513 1641 632 1678 eum
678 1624 880 1677 initium
927 1626 978 1679 A
1000 1666 1019 1693 ,
1076 1642 1106 1678 a
1143 1642 1248 1696 quo
1303 1641 1445 1693 arcus
1491 1625 1622 1680 AM
1673 1636 2036 1697 computantur
2073 1623 2162 1677 vbi
2217 1622 2280 1676 li·-

514 1709 717 1778 buerit,
761 1710 920 1780 accipi
944 1722 1106 1781 queat.
1194 1706 1272 1763 Sit
1315 1710 1476 1763 radius
1518 1709 1670 1764 ostuli
1714 1711 1767 1763 in
1808 1711 1861 1765 A
1905 1708 1983 1762 (eu
2028 1710 2299 1778 Aa:a‚-

517 1806 568 1847 et
594 1793 704 1865 quia
740 1810 885 1847 curua
928 1795 1063 1847 amb
1103 1793 1294 1866 directe
1338 1793 1509 1847 similis
1550 1796 1643 1847 efle
1684 1793 1833 1846 debet
1873 1810 2054 1867 curuae
2077 1790 2278 1863 AMB,

518 1878 618 1931 erit
659 1892 798 1929 arcus
837 1893 1094 1931 ant-:ns
1154 1889 1206 1946 et
1259 1877 1420 1942 radius
1473 1877 1626 1929 osculi
1679 1878 1908 1931 euolutae
1945 1880 2003 1932 in
2047 1893 2283 1934 mzns.

513 1962 661 2019 Hanc
716 1960 786 2015 ob
820 1978 932 2014 rem
974 1979 1046 2015 ex
1089 1973 1259 2015 natura
1295 1959 1598 2014 euolutionis
1639 1960 1733 2014 erit
1778 1959 1863 2014 vel
1902 1970 2039 2024 α-μ
2061 1977 2225 2016 ns:
2247 1975 2280 2015 r

514 2057 598 2112 vel
644 2039 930 2130 nrzfgds,
986 2072 1108 2128 quae
1162 2055 1342 2110 ambae
1398 2056 1717 2126 aequationes
1769 2067 2068 2127 congruunt.
2166 2055 2282 2113 Erit

515 2169 638 2225 ergo
693 2169 791 2224 pro
846 2167 993 2206 curua
1048 2151 1256 2222 quaesita
1299 2151 1354 2204 A
1380 2148 1445 2204 M
1487 2148 1613 2205 haec
1665 2151 1899 2221 aequatio
1939 2142 2139 2222 „cr-:f
2162 2170 2179 2224 ;
2225 2163 2282 2207 et

518 2239 632 2309 quii
678 2254 817 2292 arcus
858 2238 973 2291 dita
1017 2237 1292 2308 quantitate
1330 2235 1497 2306 augeri
1540 2236 1817 2290 diminuiue
1862 2234 2025 2306 potest
2067 2235 2139 2289 ob
2179 2237 2282 2291 ini-

516 2334 645 2387 tium
691 2333 743 2387 A
786 2333 1093 2387 arbitrarium
1122 2376 1137 2402 ,
1180 2333 1278 2385 erit
1320 2323 1476 2402 53}
1518 2331 1593 2385 leu
1632 2345 1877 2402 7⁶:an
1935 2347 2059 2402 quae
2101 2349 2283 2405 aequa-¹

519 2418 597 2470 tio
640 2420 885 2489 exprimit
929 2431 1156 2471 naturam
1206 2432 1416 2487 cumae,
1461 2433 1585 2488 quae
1603 2416 1859 2472 euolutam
1906 2415 2062 2471 habet
2103 2415 2168 2471 sui
2212 2418 2280 2473 fi-

518 2502 704 2555 milem
729 2546 744 2572 ,
785 2503 1023 2556 existente
1067 2501 1402 2557 similitudinis
1453 2502 1648 2556 ratione
1687 2512 1751 2556 vt
1801 2517 1826 2553 1
1862 2517 1933 2558 :n
1963 2546 1978 2572 ,
2018 2500 2144 2556 haec
2186 2502 2275 2557 sci-

518 2585 637 2639 licet
679 2589 805 2641 ratio
847 2587 1087 2657 exprimit
1142 2587 1396 2640 rationem
1438 2586 1686 2642 linearum
1732 2586 1795 2642 ad
1837 2603 2046 2641 curnam
2088 2586 2275 2660 quaefi-

514 2681 627 2725 tam
675 2672 1032 2741 pertinentium
1078 2672 1138 2724 ad
1182 2671 1335 2725 lineas
1377 2670 1680 2743 homologas
1721 2672 1774 2725 in
1815 2672 2032 2726 euoluta.

534 2765 536 2767 ·
675 2757 721 2821 §.
752 2774 808 2823 9.
857 2755 1116 2834 Quoniam
1163 2769 1336 2810 autem
1377 2772 1448 2810 ex
1486 2758 1804 2829 aequatione,
1845 2773 1972 2828 quae
2009 2756 2154 2810 datur
2193 2755 2307 2811 ina·

524 2852 604 2894 ter
646 2858 823 2896 arcum
877 2854 927 2895 et
983 2842 1175 2894 radium
1234 2839 1411 2912 osculi,
1459 2853 1629 2896 natura
1679 2857 1855 2896 curuae
1900 2857 2005 2894 non
2051 2841 2278 2896 distinete

520 2924 810 2998 perspicitur
834 2971 850 3000 ,
903 2925 1096 2982 etiamfi
1150 2941 1218 2985 ex
1268 2924 1357 2983 tali
1411 2928 1708 3001 aequatione
1750 2926 2050 2985 immediate
2098 2942 2279 2982 curuae

2153 3026 2279 3068 con-
