2451 3569
497 250 545 310 «ς
585 237 1146 312 INVESTIGATIO
1191 233 1506 303 CVRVAR.
1545 235 1757 325 „QVAE
1801 234 2224 305 EVOLVTAE

500 405 605 462 erit
648 402 992 478 homologum
1040 398 1130 475 ipsi
1175 397 1371 473 punito
1412 397 1464 456 E
1503 398 1584 456 cui
1625 399 1814 458 ratione
1851 398 2152 456 euolutionis
2185 412 2270 456 te·

502 490 731 568 spondet.

665 577 714 643 §-
764 590 818 645 5.
869 573 1075 631 Notatis
1116 574 1282 645 itaque
1324 571 1374 625 in
1416 587 1632 645 Vtraque
1672 585 1821 626 curua
1861 571 2053 644 pund'tis
2105 571 2156 626 E
2216 578 2273 626 et

505 678 561 734 e,
606 678 731 735 quae
788 659 932 718 fimul
986 660 1184 712 ratione
1228 658 1553 712 similitudinis
1590 656 1697 711 sunt
1751 656 2034 728 homologa
2058 700 2076 727 ,
2125 667 2274 728 atque

504 747 704 805 ratione
746 743 1048 798 euolutionis
1108 741 1200 797 fibi
1244 753 1424 795 mutuo
1466 739 1802 812 respondent,
1851 743 2037 813 reliqua
2089 741 2278 813 puncsta

506 831 791 902 homologa
834 828 1012 883 omnia
1054 827 1248 882 ratione
1312 824 1610 880 euolutionis
1645 840 1677 878 a
1700 825 1746 878 [e
1768 825 1989 880 inuicem
2032 826 2278 901 discrepa-

505 915 663 988 bunt;
711 917 780 969 ita
822 912 1069 987 pundtum
1095 930 1143 968 m
1186 913 1380 967 ratione
1423 910 1722 966 euolutionis
1763 909 2033 982 respondet
2058 911 2110 964 in
2130 916 2280 967 curua

508 1002 564 1059 A
587 998 712 1057 MR
754 999 827 1054 illi
868 999 1066 1072 puncto
1111 998 1176 1054 M
1219 998 1355 1070 quod
1401 996 1745 1067 homologum
1811 995 1884 1048 est
1947 993 2136 1065 punsto
2187 1014 2238 1070 μ.
2261 1038 2282 1069 ‚

507 1087 765 1159 amboque
809 1084 995 1158 punita
1039 1101 1088 1155 m
1130 1097 1180 1138 et
1206 1101 1256 1158 μ.
1303 1083 1535 1145 vtrinoue
1578 1081 1713 1134 circa
1756 1078 2002 1153 pune‘curn
2048 1077 2216 1135 fixum
2252 1095 2281 1135 e

508 1173 581 1228 ita
624 1182 770 1227 erunt
811 1169 1048 1242 disposita
1073 1213 1090 1238 ,
1133 1182 1194 1223 vt
1238 1168 1397 1223 duffis
1439 1166 1750 1222 normalibus
1794 1183 1873 1240 μν
1909 1176 1966 1220 et
2015 1181 2106 1219 mn
2147 1161 2284 1220 sum·

508 1273 601 1314 ma
645 1254 937 1330 angulorum
981 1264 1366 1328 anm—l-avp.
1413 1253 1625 1325 aequalis
1645 1252 1704 1309 fit
1748 1250 1938 1324 angulo
1978 1249 2132 1321 acb,
2200 1246 2285 1305 vel

509 1340 672 1416 duplo
691 1341 876 1413 angulo
915 1357 951 1395 a
947 1341 1038 1418 fe.
1126 1342 1301 1417 Quare
1347 1340 1383 1393 fi
1429 1338 1678 1393 normales
1722 1353 1812 1411 μν
1864 1348 1920 1392 et
1968 1351 2054 1392 mn
2096 1335 2285 1408 produ-

509 1438 689 1482 cantur
711 1468 728 1496 ,
771 1422 940 1481 donec
982 1437 1278 1480 concurrant
1317 1439 1437 1478 cum
1491 1423 1709 1477 normali
1767 1421 1872 1475 fixa
1921 1422 1998 1498 ef
2037 1419 2287 1495 producta

515 1510 572 1568 in
611 1520 651 1586 p
694 1522 748 1566 et
785 1522 819 1563 r
843 1548 862 1580 ‚
900 1521 1051 1564 erunt
1097 1507 1264 1581 anguli
1306 1523 1412 1562 mre
1455 1520 1507 1560 et
1555 1523 1665 1582 μρε
1719 1506 1943 1578 aequales
1966 1551 1982 1578 ‚
2049 1520 2286 1578 arcusque

513 1611 594 1653 em
637 1607 689 1650 et
729 1611 757 1649 e
769 1612 819 1670 μ.
864 1610 1019 1666 aeque
1062 1593 1262 1666 ampli,
1317 1609 1436 1647 eam
1480 1591 1599 1647 huic
1654 1592 1909 1647 vocabulo
1963 1591 2289 1665 fignificatio·

517 1695 643 1738 nem
688 1680 956 1734 tribuendo
979 1723 995 1750 ,
1040 1697 1135 1752 qua
1179 1676 1290 1733 vsus
1331 1678 1401 1734 est
1446 1673 1623 1732 Celeb.
1670 1674 1985 1732 Bernoullius
2028 1678 2079 1731 in
2122 1674 2291 1730 difler-

517 1766 712 1821 tatione
753 1766 820 1819 de
863 1777 1012 1818 motu
1052 1766 1318 1834 reptori02
1365 1777 1514 1833 atque
1556 1764 1682 1817 haec
1721 1762 1792 1817 est
1835 1764 2115 1835 proprietas
2138 1761 2291 1816 bino-

508 1866 638 1907 ·tum
695 1864 1013 1922 quorumque
1057 1847 1366 1919 punctorum
1410 1865 1460 1900 m
1500 1859 1550 1900 et
1593 1866 1644 1920 μ
1689 1848 1742 1900 in
1796 1850 2024 1917 euoluta‚
2077 1861 2293 1918 quorum

521 1934 737 1991 alterum
783 1948 854 1987 ex
894 1932 1090 1986 alterius
1134 1930 1327 2004 pundto
1370 1930 1657 2003 homologo
1700 1947 1794 2001 per
1816 1933 2155 1985 euolutionem
2183 1947 2295 1984 nas·

519 2020 652 2076 citur
681 2062 697 2089 ,
738 2018 961 2089 haecque
1007 2018 1290 2090 proprietas
1334 2032 1440 2070 non
1483 2015 1644 2070 solnm
1671 2018 1960 2070 communis
2004 2016 2075 2069 est
2118 2015 2295 2069 euolu-

525 2105 590 2160 tis
630 2105 810 2178 primis
850 2102 932 2159 sed
977 2104 1129 2160 etiam
1172 2101 1388 2158 secundis
1413 2145 1428 2174 ‚
1472 2102 1629 2156 tertiis
1678 2113 1732 2155 et
1792 2103 2030 2156 omnibus
2093 2099 2295 2172 sequen-

522 2190 675 2246 tibus,

690 2274 737 2342 ς.
782 2277 840 2329 6.
884 2271 940 2330 Si
980 2290 1102 2347 ergo
1143 2273 1358 2348 quaestio
1402 2273 1466 2329 de
1507 2288 1659 2327 curua
1700 2271 1994 2326 inuenienda
2038 2286 2295 2343 propona-

527 2370 610 2416 tur
637 2402 653 2426 ,
699 2377 825 2433 quae
868 2360 1034 2415 similis
1076 2360 1133 2415 fit
1176 2361 1450 2432 cuicunque
1503 2357 1735 2413 euolutae
1759 2400 1775 2427 ,
1834 2374 1894 2410 ea
1944 2356 2165 2429 quaestio
2216 2356 2298 2410 bi-

529 2446 723 2521 partito
765 2445 836 2500 est
879 2445 1131 2499 tract-‚inda
1158 2488 1175 2515 ‚
1219 2445 1397 2520 primo
1440 2444 1580 2498 enim
1622 2458 1684 2497 ea
1727 2460 1872 2497 curua
1913 2442 2068 2496 debet
2109 2441 2296 2495 defini-

529 2531 603 2600 ri,
627 2547 752 2603 quae
778 2529 884 2584 stiae,
925 2532 1151 2586 euolutae
1192 2532 1467 2603 designatae
1511 2529 1698 2584 diree'te
1742 2527 1801 2582 fit
1840 2528 2010 2583 similis
2033 2571 2048 2596 ,
2093 2521 2194 2581 hoc
2227 2525 2297 2591 est

531 2616 671 2670 cuius
703 2614 884 2686 singula
928 2615 1115 2687 punem
1159 2617 1351 2669 ratione
1395 2614 1694 2669 euolutionis
1735 2613 1787 2666 in
1831 2612 2027 2668 euoluta
2052 2622 2298 2683 generent

533 2700 722 2773 pundta
768 2700 1068 2772 homologa.
1156 2700 1218 2755 In
1262 2700 1415 2755 altera
1457 2716 1580 2753 vero
1618 2698 1870 2752 solutionis
1925 2709 2062 2770 parte
2118 2699 2167 2750 in
2219 2711 2300 2749 eas

532 2800 706 2839 curuas
751 2785 846 2838 erit
888 2786 1233 2858 inquirendum
1260 2830 1276 2856 ,
1326 2801 1454 2858 quae
1494 2784 1679 2839 similes
1721 2785 1811 2837 sint
1853 2783 1944 2838 suis
1983 2781 2187 2836 euolutis
2211 2795 2297 2833 or-

523 2868 660 2928 dine
700 2868 900 2929 inuerso
919 2913 936 2944 ,
978 2869 1083 2929 hoc
1121 2872 1192 2930 est
1206 2913 1222 2945 ‚
1247 2887 1459 2948 quarum
1501 2869 1687 2945 singula
1728 2870 1913 2944 puncta
1933 2883 2038 2924 non
2058 2875 2296 2941 generent
