2451 3569
429 235 548 293 106
571 222 836 291 coMM.
854 221 962 284 m:
975 218 1258 281 oscas„
1281 211 1516 280 COMP.
1544 215 1804 282 PRAES.
1818 216 1945 292 HS,
1963 214 2188 303 QVAE

421 395 447 473 (
466 385 540 459 c)
584 384 635 440 Si
680 385 709 440 ὲ
751 379 1005 437 contrario
1044 378 1187 450 virga
1228 372 1511 447 longissima
1549 390 1614 430 ex
1658 374 1750 432 filo
1773 372 2059 431 breuiffimo
2092 371 2186 429 sus-

421 481 573 556 pensa
615 482 702 550 sit,
744 481 840 533 erit
885 478 939 532 in
982 476 1089 532 casu
1133 473 1292 548 priori
1339 461 1544 542 our-⁷1²}
1590 482 1641 525 et
1684 473 1865 527 lzL
1894 482 1980 537 -Jf-
2007 461 2096 544 ΞΞ,
2135 480 2188 526 at

419 575 548 622 vero
592 571 643 620 in
685 563 794 619 casu
839 562 1134 635 posteriori,
1184 560 1267 631 qui
1313 557 1396 612 hic
1440 558 1603 612 notari
1648 558 1911 631 praecipue
1936 569 2188 627 meretur,

420 663 721 720 habebimus
760 659 1000 730 proxime
1046 673 1082 709 α
1105 671 1182 707 :z
1205 682 1261 690 —
1285 652 1331 706 L
1376 665 1430 706 et
1472 653 1495 706 l
1512 671 1588 706 z
1612 671 1644 708 n
1668 684 1724 691 —-
1746 644 1798 728 ⁷²—fi‘3
1829 696 1844 724 ‚
1887 655 2018 723 quod
2059 650 2189 706 indi-

419 763 503 804 cat
527 791 542 816 ‚
589 746 699 799 fieri
744 759 875 796 nunc
916 744 1042 796 iuter
1077 738 1404 794 oscillandum
1451 740 1764 794 rotationem
1808 738 1942 791 circa
1965 748 2194 791 centrum

420 830 737 897 oscillationis
778 829 913 901 quod
958 827 1132 898 virgae
1174 840 1240 878 ex
1282 823 1475 897 punisto
1516 823 1629 879 fixo
1673 822 1697 879 l
1744 819 1994 896 suspensae
2045 836 2194 874 com-

422 931 555 1005 petit
599 937 652 980 et
694 922 791 980 effe
835 935 955 978 tunc
1000 920 1373 994 longitudinem
1417 918 1625 994 penduli
1655 917 1919 994 ..isochroni
1960 900 2199 992 [3:23ss

425 1038 455 1068 κ
479 1030 510 1068 72
538 1056 551 1067 .

427 1098 549 1177 (d)
594 1092 648 1152 Si
691 1095 836 1167 virga
879 1109 948 1149 ex
992 1106 1170 1148 centro
1213 1091 1467 1166 grauitatis
1507 1087 1724 1164 suspensa
1777 1089 1835 1146 fit
1881 1132 1898 1158 ,
1962 1085 2203 1146 euanescit

424 1186 677 1260 posterior
720 1180 1088 1235 ostillationum
1134 1178 1288 1234 claffis
1327 1177 1485 1252 fitque
1528 1194 1625 1251 pro
1664 1174 1810 1231 claffe
1856 1175 2015 1250 priori
2059 1194 2096 1232 α
2121 1191 2200 1230 -...··;

428 1291 498 1323 00
546 1282 597 1323 et
643 1265 665 1320 l
688 1283 763 1320 z:
810 1264 1108 1337 longitudini
1154 1264 1245 1319 fili.

429 1354 680 1428 Ceterum
752 1347 1117 1405 obseruandum
1157 1349 1231 1403 est
1274 1346 1575 1402 solutionem
1618 1346 1842 1401 nostram
1877 1346 2100 1401 minime
2122 1362 2201 1401 re·

428 1442 622 1514 quirere
649 1481 665 1509 ‚
707 1447 768 1495 vt
812 1433 962 1491 filum
1006 1435 1177 1506 virgae
1219 1448 1287 1491 ex
1330 1432 1555 1489 eiusdem
1601 1429 1891 1486 summitate
1942 1431 2207 1503 alligatum

428 1537 670 1599 putetur:
714 1520 879 1593 potest
906 1522 1058 1577 ,enim
1083 1535 1153 1573 ex
1195 1534 1493 1590 quocunque
1547 1515 1740 1589 puncto
1781 1515 1878 1572 effe
1928 1515 2206 1588 alligatum.

429 1610 590 1684 Igitur
626 1622 719 1680 per
763 1605 1010 1678 punctum
1059 1603 1117 1660 D
1157 1615 1247 1658 aut
1289 1598 1336 1656 C
1381 1619 1486 1657 non
1529 1601 1823 1674 intelligitur
1864 1600 2031 1672 virgae
2074 1601 2208 1655 sum-

240 1735 335 1778 m·
352 1735 405 1778 11.
434 1698 589 1757 miras
627 1691 711 1747 sed
756 1691 1008 1763 punctum
1053 1705 1125 1744 ex
1166 1705 1276 1760 quo
1314 1690 1459 1760 virga
1504 1687 1597 1743 filo
1639 1687 1712 1741 est
1753 1702 1970 1758 annexa.
2058 1686 2209 1758 Figu-

429 1799 484 1838 ra
529 1781 699 1835 fiexta.
734 1776 912 1835 litteris
980 1774 1074 1830 suis
1137 1772 1360 1845 analogis
1401 1772 1619 1827 ostendit
1676 1771 1979 1842 exemplum
2044 1769 2206 1825 secun-

431 1868 523 1923 dae
567 1863 934 1920 oscillationum
979 1858 1169 1915 claffis:
1216 1869 1330 1912 tum
1374 1860 1530 1913 etiam
1555 1856 1710 1928 figura
1746 1855 1961 1928 septima
1984 1866 2037 1909 et
2070 1855 2208 1911 octa-

435 1969 505 2009 va
526 1950 704 2006 ambas
747 1945 1113 2000 oscillationum
1159 1941 1324 1997 claffes
1363 1941 1600 1999 illustrant
1626 1984 1643 2012 ,
1688 1957 1845 2015 quum
1890 1941 2060 2015 virgae
2103 1956 2210 2000 non

439 2037 547 2095 sum
589 2050 659 2091 ex
696 2030 990 2088 summitate
1031 2027 1298 2103 suspensae.

596 2163 646 2231 §-
700 2176 792 2214 12.
840 2157 942 2215 Ista
983 2176 1110 2231 quae
1163 2156 1390 2212 diximus
1453 2172 1585 2212 nunc
1650 2171 1808 2230 porro
1871 2152 2217 2212 illustrabimus

446 2247 701 2321 exemplis
767 2244 1137 2319 particularibus
1160 2288 1177 2315 ‚
1240 2242 1578 2315 supponendo
1643 2241 1826 2296 scilicet
1892 2242 2054 2313 virgas
2119 2239 2216 2295 ho·

446 2349 723 2408 mogeneas
746 2345 802 2395 et
821 2332 1139 2386 vniformiter
1177 2327 1351 2385 crasias
1372 2372 1391 2399 ,
1433 2346 1646 2400 quarum
1692 2326 2020 2399 longitudines
2050 2323 2214 2395 defig-

447 2422 684 2477 nabimus
720 2433 811 2491 per
853 2434 944 2473 m:
986 2417 1053 2473 sic
1097 2416 1195 2470 erit
1224 2413 1847 2487 gzssmeth-{m
1882 2455 1897 2481 ,
1950 2410 1989 2465 si
2043 2410 2214 2481 virgae

448 2505 558 2562 sunt
602 2520 670 2560 ex
712 2504 1007 2558 summitate
1049 2501 1131 2558 sua
1169 2500 1461 2573 suspensae:
1510 2501 1589 2554 his
1630 2509 1801 2552 autem
1826 2494 2082 2550 valoribus
2102 2493 2215 2549 sub·

453 2603 632 2659 stitutis
724 2598 784 2652 fit
876 2617 911 2652 α
967 2615 1043 2651 ·.::
1095 2575 1764 2672 &Q
1841 2605 1991 2664 atque
2068 2589 2093 2646 l
2139 2606 2215 2646 z

453 2677 1111 2772 ³”*²m‡ffl*(q}”*——‘m”4'm—m
1155 2694 1192 2748 fi
1234 2709 1367 2746 vero
1410 2693 1553 2763 virga
1601 2690 1789 2744 ratione
1831 2687 1903 2743 fili
1958 2687 2016 2743 fit
2068 2703 2211 2759 prae·
2260 2721 2262 2724 v

454 2781 603 2856 longa
646 2784 887 2855 fimulque
929 2783 989 2837 ad
1034 2781 1250 2836 modum
1294 2777 1481 2850 figurae
1547 2774 1712 2829 sextae
1777 2772 2022 2829 oscilletur
2044 2815 2059 2842 ,
2124 2771 2216 2827 fiet

455 2866 506 2928 C
525 2868 576 2929 B
615 2869 768 2948 dupla
808 2868 959 2946 ipsius
994 2865 1043 2926 B
1064 2865 1119 2924 H
1158 2877 1215 2921 et
1255 2861 1522 2941 longitudo
1562 2860 1772 2940 penduli
1813 2856 2079 3000 simplicis1
2116 2856 2214 2954 isof

2030 2959 2060 3000 c
2077 2959 2214 3002 ηοω
