2451 3569
509 225 629 283 ψ.
675 206 789 273 DE
833 203 1036 269 Loco
1078 200 1426 268 1MA01NIS
1487 204 1774 272 PVNCTI
1814 202 2266 272 RADIANTIS

505 364 589 422 hic
635 364 823 421 fallacia
866 363 1038 438 optica
1063 407 1077 434 ‚
1123 377 1255 434 quae:
1294 361 1445 417 oculo
1489 362 1648 418 illudit
1691 366 1873 421 eodem
1918 366 2082 422 modo
2106 408 2122 437 ,
2164 380 2268 439 quo

504 450 747 507 bacillum
792 450 875 506 vel
916 465 1235 523 gnomonem
1280 448 1329 502 in
1375 449 1549 522 quouis
1594 448 1755 520 plano.
1798 451 2106 506 horizontali'
2148 454 2266 506 vera

506 536 579 590 sus
625 537 830 591 oculum
876 535 1104 590 inclinate
1149 535 1373 588 erestum
1420 534 1677 589 horizonti
1704 538 2164 605 perpendicularem
2191 532 2263 591 es-

508 619 556 675 ie
600 633 832 692 putamus
857 664 871 689 ,
916 620 1051 690 quod
1093 619 1249 691 reipsa
1318 631 1513 674 tamen
1556 620 1705 690 longe
1771 619 1915 686 aliter
1980 621 2029 676 se
2090 620 2263 676 habet.

508 705 795 776 Apparebit
842 705 982 757 enim
1026 720 1093 757 ex
1138 720 1258 758 vera
1312 705 1737 759 determinatione
1790 705 2025 778 imaginis
2077 707 2129 760 in
2184 707 2270 761 tali-

508 788 710 861 speculo
735 833 750 859 ,
798 790 842 855 ξ.
901 806 988 841 12.
1062 781 1349 845 adducenda
1377 834 1390 860 ‚
1437 791 1470 844 si
1526 790 1895 844 construetione
1964 794 2272 862 geometrica

511 890 643 930 mox
686 875 951 929 indicanda
993 891 1069 928 res
1112 875 1400 946 perficiatur
1425 920 1438 945 ,
1485 875 1761 945 imaginem
1786 874 1974 929 bacilli
2013 875 2150 930 Abd
2190 891 2276 930 re-

509 974 632 1014 vera
676 959 850 1014 versus>
879 959 1082 1015 oculum
1128 960 1447 1031 aspicientem
1491 960 1781 1014 inclinatam
1825 961 1961 1031 effe,
2007 959 2084 1014 sed
2121 958 2273 1016 decli-¹

510 1047 713 1100 natione
759 1045 822 1099 ab
867 1045 968 1117 ipsa
1011 1044 1409 1116 perpendiculari
1454 1041 1561 1097 BC
1605 1055 1713 1098 tam
1770 1062 1916 1114 parua
1945 1087 1962 1113 ‚
2014 1046 2052 1100 si
2110 1044 2277 1100 oculus

510 1132 720 1202 propius
742 1129 926 1202 pofitus
968 1129 1056 1197 sit,
1081 1142 1142 1181 vt
1168 1128 1469 1199 impossibile
1490 1128 1552 1182 ¹sit
1601 1144 1717 1182 eam
1746 1130 1810 1182 ab
1859 1129 2034 1184 oculo.
2055 1129 2270 1202 distigui‘.

509 1213 694 1268 Valeat
729 1212 856 1284 ergo
891 1213 1168 1284 Tacquetus
1194 1255 1208 1280 ,
1245 1223 1298 1264 et
1354 1229 1473 1266 cum
1529 1228 1591 1266 eo
1645 1211 1943 1267 recentiores
1970 1215 2005 1270 ii
2051 1231 2235 1274 omnes
2256 1258 2295 1288 ‚-

507 1299 593 1371 qui
637 1309 817 1371 putant
856 1295 903 1350 se
949 1313 1105 1368 quam
1150 1295 1446 1366 rigidiffime
1489 1297 1842 1350 demonstrasse
1867 1340 1882 1366 ‚
1938 1299 2185 1369 punctum
2223 1302 2277 1355 in

505 1383 766 1456 speculum
811 1381 1121 1454 sphaericum
1166 1380 1695 1452 radiansimagmem
1735 1378 1869 1434 suam
1893 1384 2103 1439 nancisci
2157 1385 2273 1457 ibi,

506 1469 594 1531 ubi
639 1466 865 1526 cathetus
908 1465 1209 1524 incidentiae
1251 1466 1448 1523 radium
1491 1465 1743 1523 reflexum
1789 1462 1931 1522 secat.

662 1627 712 1692 ς.
763 1641 856 1680 12.
901 1622 1113 1683 Reiecta
1159 1621 1310 1696 igitur
1373 1619 1470 1678 hac
1525 1618 1638 1677 falsa
1689 1620 1940 1694 opinione
1965 1664 1982 1693 ,
2036 1621 2277 1680 accedam

506 1711 572 1768 ad
595 1727 732 1778 eam,
752 1760 758 1768 .
780 1727 908 1785 quae
950 1726 1107 1778 vera,
1151 1725 1281 1764 noua
1322 1718 1500 1764 tamen
1544 1723 1648 1762 non
1691 1707 1763 1762 est
1786 1750 1801 1776 ,
1848 1706 1929 1762 sed
1994 1706 2115 1762 inde
2167 1709 2283 1775 iam,

505 1813 535 1852 a
578 1797 819 1854 Barrouii
863 1796 1181 1868 temporibus
1198 1811 1220 1865 3
1268 1805 1320 1849 et
1362 1794 1426 1849 ab
1469 1793 1583 1866 ipso
1608 1836 1624 1863 ,
1667 1804 1718 1847 et
1743 1793 1808 1848 ab
1831 1792 1941 1850 aliis
1962 1793 2288 1866 quibusdam,¹

504 1883 702 1938 exculta
747 1883 852 1938 fuit.
940 1880 1084 1937 Dico
1129 1882 1295 1953 itaque
1323 1923 1338 1950 ‚
1382 1880 1617 1952 imaginis
1660 1877 1830 1934 locum
1857 1879 1909 1933 in
1933 1877 2127 1951 speculo
2148 1895 2285 1951 quo-·

508 1983 708 2040 cunque
765 1968 833 2023 ibi
884 1966 978 2023 effe
1002 2010 1018 2037 ,
1077 1967 1167 2021 vbi
1221 1966 1325 2021 duo
1377 1964 1505 2020 radii
1561 1963 1834 2020 incidentes
1876 1963 2078 2019 infinite
2120 1964 2276 2020 vicini

358 2048 631 2125 rig.5.BM
659 2097 675 2124 ,
719 2051 866 2125 Bm,
909 2053 1021 2125 post
1063 2051 1398 2107 reflexionem
1422 2095 1439 2122 ,
1481 2050 1536 2105 in
1579 2048 1646 2105 M
1688 2062 1737 2104 et
1777 2067 1826 2106 m
1868 2049 2056 2106 fastam
2082 2093 2098 2121 ‚
2151 2043 2277 2106 con-

504 2150 745 2212 currunt,
787 2139 874 2194 vel
917 2136 965 2192 se
1008 2137 1225 2193 inuicem
1269 2141 1431 2192 lecant
1459 2177 1476 2205 ‚
1507 2125 1702 2190 'scilicet
1744 2136 1796 2189 in
1841 2136 1900 2191 F.
1987 2135 2062 2190 Vt
2104 2135 2270 2207 itaque

503 2225 687 2281 etiam
710 2225 957 2300 quantitas
1000 2222 1144 2279 huius
1186 2223 1354 2279 restae
1399 2220 1517 2277 ΜΕ
1544 2262 1559 2289 ,
1603 2222 1654 2275 in
1708 2221 1846 2277 radio
1886 2221 2083 2276 reflexo
2135 2220 2287 2293 posi-²

504 2310 642 2366 tione
664 2311 785 2366 dato
811 2354 837 2381 ,v
866 2310 931 2366 ad
957 2309 1067 2365 vsus
1091 2309 1345 2382 sequentes
1366 2307 1419 2361 in
1443 2317 1655 2380 promtu
1705 2306 1765 2362 sit
1792 2326 1805 2362 ;
1861 2319 2044 2370 notum
2098 2306 2168 2360 est
2200 2321 2273 2362 ex

506 2395 692 2465 analysi
734 2396 929 2451 infinite
973 2412 1246 2469 paruorum
1270 2392 1541 2469 Hospitas‘iz·
1566 2392 1614 2460 §-
1649 2409 1675 2445 1
1691 2409 1785 2460 19.
1811 2393 2005 2448 vocatis
2027 2393 2168 2447 radio
2192 2391 2275 2446 in-

505 2480 706 2536 cidente
727 2480 840 2538 ΒΜ
853 2498 980 2553 :zy‚
1014 2493 1069 2536 et
1094 2480 1304 2537 demissa
1326 2482 1380 2536 in
1405 2479 1538 2535 hunc
1562 2495 1632 2534 ex
1661 2491 1841 2534 centro
1865 2474 1913 2532 C
1936 2477 2272 2560 perpendicu-

507 2573 598 2630 lari
636 2573 743 2632 CE
769 2620 785 2646 ,
827 2577 1177 2650 appellataque
1201 2577 1465 2634 EM:a
1487 2621 1504 2648 ,
1547 2575 1762 2640 futuram
1799 2575 1892 2629 efle
1916 2577 1979 2630 M
1995 2575 2035 2630 F
2047 2593 2124 2629 z
2148 2565 2286 2659 ξ-Ῐῑρῖ,

506 2676 635 2734 quae
680 2662 860 2719 eadem
903 2660 1123 2716 formula
1166 2662 1423 2717 deducitur
1444 2662 1600 2716 etiam
1625 2676 1709 2714 ex-
1727 2661 2096 2719 constructione
2144 2665 2298 2736 geo-J¹

507 2748 724 2802 metrica
768 2764 827 2802 ea
852 2791 868 2817 ‚
909 2763 1061 2818 quam
1107 2745 1383 2803 Barrouius
1447 2746 1599 2800 tradit
1641 2744 1755 2800 leet.
1812 2757 1925 2819 opt.
1988 2746 2117 2802 leet..
2156 2746 2278 2808 IX·;

507 2830 560 2899 ς.
611 2847 706 2889 11.
752 2832 844 2892 vbi
885 2830 1181 2909 subiungit,
1214 2832 1467 2912 pundtum
1511 2831 1572 2890 F.
1619 2827 1718 2892 effe
1741 2831 1918 2890 locum
1947 2830 2282 2910 ipsiffimum„

2136 2931 2271 2977 circa.
