2451 3569
565 219 693 281 SVI
726 218 1028 279 SIMILES
1070 216 1334 281 PRODV
1331 219 1429 279 CV
1429 218 1552 281 NT.
1863 230 1945 285 3⁷

192 374 260 430 de
298 370 336 428 fi
378 387 406 428 s
443 369 801 427 determinetur
840 390 931 446 per
968 390 1037 444 v,
1082 390 1216 428 mox
1238 372 1500 429 habebitur
1542 368 1772 444 aequatio
1823 367 1951 425 inter

191 457 507 513 coordinatas
558 456 913 530 orthogonales
934 501 951 528 ‚
993 474 1031 513 x
1070 468 1123 510 et
1147 473 1195 527 y
1218 499 1235 528 ‚
1276 471 1380 530 ope
1420 457 1780 529 aequationum
1821 468 1955 511 x:

173 535 291 617 sds
312 542 404 599 sm.
429 541 485 599 A
509 558 547 598 v
570 537 870 617 etyzsds
901 540 1004 597 cos.
1031 540 1086 597 A
1108 556 1167 597 v.

345 701 395 767 6.
430 721 525 776 57.
575 709 875 786 Qianquam
938 710 1036 766 hae
1099 708 1418 782 aequationes
1504 706 1724 781 pluribus
1788 706 1958 764 modis

191 793 397 850 trac’tari
441 795 641 867 poffunt
668 836 683 864 ,
729 807 906 851 tamen
950 794 1035 849 hic
1077 793 1273 865 reliquis
1315 791 1655 864 praeferendus
1695 790 1792 847 este
1815 792 1955 848 vide-

189 888 271 933 tur
297 924 312 950 ,
356 896 459 952 quo
500 880 674 953 primo
719 877 971 931 eiusmodi
1019 878 1215 932 valores
1278 876 1427 948 ipfius
1468 894 1495 932 s
1537 876 1910 948 perpenduntur
1936 918 1955 948 ,

194 982 322 1038 quae
378 964 470 1018 suis
509 961 920 1017 differentialibus
958 962 1177 1018 cuiusuis*
1207 962 1392 1017 ordinis
1430 960 1526 1017 sint
1567 960 1768 1017 ssmiles,
1816 957 1958 1016 Cum

866 1051 923 1101 vs

818 1047 933 1200 Ξ-ἐ
904 1148 924 1174 ,,
967 1106 1142 1178 :ss
1174 1118 1206 1158 n
1230 1120 1297 1174 s,
1341 1100 1576 1157 valorem
1624 1099 1770 1173 ipfius
1811 1117 1840 1157 s
1885 1099 1956 1156 ita

190 1102 332 1158 enim
378 1101 679 1172 generaliter
719 1102 778 1159 fit

190 1241 544 1302 comparatum
589 1230 685 1285 effe
728 1240 970 1303 oportet,
1013 1240 1073 1284 vt
1096 1229 1240 1302 ipsius
1262 1227 1584 1283 differentiale
1607 1227 1815 1282 cuiusuis
1846 1241 1960 1297 gra-

188 1315 281 1371 dus
327 1316 420 1387 ipsi
461 1314 519 1370 fit
562 1314 723 1370 fimile
750 1360 764 1385 ,
809 1314 889 1370 seu
934 1331 1025 1388 per
1071 1316 1122 1370 id
1163 1313 1371 1370 diuisum
1416 1313 1733 1368 constantem
1802 1327 1960 1384 quan·

193 1401 396 1455 titatem
442 1401 707 1473 producat,
754 1400 1056 1454 Huiusmodi
1098 1412 1265 1453 autem
1290 1399 1625 1468 quantitatum
1663 1398 1757 1451 tria
1780 1396 1961 1450 dantur

193 1501 378 1557 genera
405 1527 419 1553 ,
443 1501 656 1556 quorum
683 1485 911 1556 primum
935 1484 1227 1553 quantitates
1249 1482 1632 1551 exponentialee
1653 1479 1962 1550 complecti·

192 1580 301 1638 tur,
326 1568 590 1624 secundum
636 1569 761 1623 finus
805 1576 858 1621 et
901 1567 1090 1621 cosmus
1131 1581 1335 1619 arcuum
1379 1567 1687 1618 circularium
1716 1606 1729 1632 ,
1754 1564 1962 1617 tertium

196 1668 326 1708 vero
370 1654 622 1725 Vtriusque
662 1650 842 1725 speciei
886 1650 1242 1724 quantitatibus
1283 1648 1721 1720 exponentialibus
1746 1691 1760 1714 ,
1784 1645 1965 1702 scilicet

198 1748 254 1793 et
298 1737 480 1795 finibus
522 1738 863 1812 cofinibusque
892 1752 1114 1792 arcuum
1157 1732 1476 1790 circularium
1502 1733 1816 1789 coniunctim
1840 1748 1968 1787 con·

199 1821 399 1876 tinetur.

356 1924 400 1987 §-
433 1925 530 1989 58.
575 1927 805 1982 Primum
852 1927 1180 1999 igitur-'genus
1216 1925 1284 1980 ita
1307 1922 1376 1979 est
1399 1935 1750 1997 comparatum
1780 1935 1834 1978 vt
1858 1923 1915 1978 fit
1938 1938 1967 1979 s

197 2008 644 2084 :eg“',huiusque
668 2011 913 2069 formulae
936 2010 1274 2070 differentialia
1299 2010 1529 2083 cuiusque
1552 2010 1730 2083 gradus
1750 2006 1968 2084 sequenti

200 2093 366 2149 modo
411 2110 532 2168 pro-

601 2194 895 2265 grediuntur
1347 2192 1535 2266 eritque

563 2287 610 2345 1-
660 2271 988 2361 ἀὲ--εῃς
1226 2186 1328 2406 1³⁶³?-
1374 2305 1507 2361 :g
1551 2293 1804 2364 :1¹:²⁸

535 2385 612 2442 ΙΙ.
659 2367 1023 2457 dvsszegvg'
1264 2363 1814 2460 ffizg²zssn

515 2482 614 2540 ΙΙΙ.
651 2464 1016 2555 Ξ-,Ῑῖὲῑ-ῑεὲυς*
1264 2460 1812 2555 ἐῗᾱῑέῑὲη

517 2581 618 2639 IV.
665 2562 742 2653 {34-
766 2599 842 2635 2:
864 2569 1037 2656 egwg.⁴
1263 2557 1350 2647 5222
1375 2565 1538 2647 ΞΕ*
1563 2592 1639 2628 :z
1667 2580 1751 2651 -ᾖ
1782 2589 1816 2630 n

758 2679 854 2721 etc.
1235 2630 1245 2737 Ι
1560 2674 1658 2715 etc.

212 2752 447 2826 Apparet
500 2751 650 2822 igitur
717 2749 1068 2825 aequationem
1115 2763 1240 2804 ε’*-
1167 2789 1242 2801 .....
1265 2746 1359 2802 effi
1403 2742 1670 2800 satisfacere
1731 2743 1975 2817 plerisque

216 2838 564 2914 quaestionum
607 2836 822 2908 casibu5‚
865 2836 1042 2908 quibus
1081 2847 1260 2890 curuae
1301 2830 1518 2889 euolutis
1560 2830 1651 2886 suis
1689 2830 1794 2888 dati
1839 2829 1978 2883 ordi-

970 2916 1022 2978 E
1068 2930 1103 2985 a
1899 2912 1977 2972 nis
