2451 3569
567 225 675 295 IM
676 222 846 293 POSI
849 224 1063 291 TORV
1061 228 1135 290 M
1181 227 1582 294 DESCENSV
1816 239 1899 293 '26
1906 249 1936 307 ς

165 383 376 445 natione
415 380 497 440 sub
540 384 724 459 angulo
794 385 979 442 ABD
1041 390 1335 459 reperiunda
1361 433 1376 460 ,
1441 405 1596 461 quam
1655 387 1946 446 frictionem

165 473 367 529 'vocabo
392 471 448 549 s.
507 468 677 527 'Cum
735 484 905 528 autem
963 474 1126 526 motui
1181 473 1352 528 baseos
1402 474 1571 529 fritstio
1624 475 1787 529 obstat
1814 518 1828 545 ‚
1873 474 1946 529 ef-

166 558 279 617 ficit
318 574 375 612 ea
405 600 420 630 ‚
465 568 522 613 vt
565 558 616 612 in
668 557 916 632 puntstum
972 558 1183 630 quoduis
1236 559 1445 631 baseos,
1501 560 1656 632 plano
1709 559 1950 615 inclinato

167 652 433 724 contiguae
460 698 474 725 ,
531 669 680 727 agere
721 653 903 707 censeri
946 666 1145 708 tantum
1193 656 1339 727 poffit
1384 659 1611 730 potentia
1652 641 1727 730 ἐξ
1753 665 1951 741 xP-JC

169 737 431 813 Quantum
479 753 649 794 autem
691 741 942 812 praeualet
985 741 1212 812 potentia
1259 759 1411 813 agens
1450 744 1501 795 in
1559 757 1790 804 centrum
1836 768 1951 823 gra-

170 824 336 879 uitatis
379 823 520 898 iilpra
562 826 849 899 potentiam
894 837 1131 896 agentem
1176 827 1228 877 in
1283 829 1530 897 punctum
1590 830 1751 888 baseos
1795 837 1953 907 quod-

166 926 365 982 cunque
410 911 492 966 F:
538 922 735 965 tantum
776 909 999 963 increscit
1044 910 1273 983 potentia
1299 928 1480 984 corpus
1521 912 1584 967 ad
1632 921 1949 975 rotationem

165 996 471 1067 sollicitam,
515 1008 576 1050 vt
598 995 724 1057 hinc
769 995 1048 1049 differentia
1073 996 1251 1050 harum
1299 1001 1643 1068 potentiarum
1673 1047 1687 1073 ‚
1730 1022 1854 1075 quae
1881 1006 1953 1062 est

144 1081 228 1159 f,
271 1097 368 1153 pro
419 1084 650 1155 potentia
710 1097 889 1152 corpus
933 1082 995 1133 ad
1049 1082 1363 1135 rotationem
1423 1085 1720 1155 impellente
1774 1090 1950 1146 affumi

163 1166 358 1241 poffit·⁷
404 1168 653 1241 quoni-am
697 1182 788 1238 per
828 1166 1113 1237 potentiam
1141 1209 1155 1236 ‚
1199 1183 1326 1237 quae
1370 1168 1624 1239 protrahit
1671 1175 1801 1229 bafin
1829 1193 1954 1231 cor-

161 1254 299 1324 poris
324 1296 338 1322 ,
379 1251 482 1306 hoc
526 1253 574 1306 ie
627 1251 792 1307 motui
846 1252 1094 1306 rotatorio
1142 1252 1277 1323 quali
1347 1251 1570 1308 subducit
1634 1259 1686 1312 in
1742 1260 1949 1333 *singulis

159 1337 458 1392 momentis
546 1337 674 1409 Agit
714 1348 890 1391 autem
932 1336 1053 1391 haec
1098 1339 1329 1409 potentia
1373 1343 1616 1396 rotatoria
1660 1345 1711 1398 in
1754 1342 1829 1417 C,
1873 1357 1951 1402 at-

164 1414 282 1494 que'
310 1423 377 1477 fic
421 1422 473 1475 in
515 1421 777 1476 brachium
824 1421 984 1475 vestis
1024 1420 1366 1477 homodrorni
1410 1422 1511 1480 CF
1539 1470 1554 1496 ,
1599 1431 1715 1500 quia
1757 1433 1946 1486 rotatio

156 1506 294 1562 circa
345 1507 594 1579 punctum
636 1507 678 1561 F
701 1549 716 1576 ,
773 1519 1012 1578 tanquam
1077 1508 1210 1561 circa
1273 1507 1710 1579 hypomochlium
1767 1517 1944 1589 peragi

161 1592 332 1646 debet.
426 1591 769 1664 Momentum
834 1592 1002 1664 itaque
1079 1591 1223 1647 huius
1301 1597 1557 1665 potentiae
1626 1603 1903 1656 rotatoriae
1927 1645 1945 1672 ,

162 1674 304 1732 vecti
358 1673 463 1733 CF
533 1676 813 1751 applicatae
840 1721 856 1747 ,
900 1675 1109 1732 demissa
1164 1693 1234 1732 ex
1287 1676 1335 1734 C
1391 1685 1791 1754 perpendiculari
1837 1685 1883 1741 C
1896 1688 1947 1744 E

165 1762 232 1818 ad
275 1760 393 1817 DB
419 1807 434 1831 ,
478 1767 576 1819 erit
619 1764 745 1840 :zf
758 1785 784 1814 κ
811 1762 860 1820 C
868 1762 935 1819 E.
1027 1760 1166 1818 Haec
1208 1766 1431 1836 potentia
1490 1771 1725 1825 rotatoria
1778 1774 1948 1846 integ-

165 1864 283 1903 rum
329 1847 571 1904 effectum
614 1849 750 1905 suum
795 1850 965 1905 ederet
989 1891 1004 1918 ,
1050 1849 1087 1904 fi
1131 1849 1342 1922 planum
1388 1849 1434 1905 B
1457 1851 1516 1908 D
1557 1854 1678 1909 esset
1723 1860 1942 1914 vertica-

164 1932 252 2005 le,
300 1945 355 1989 et
394 1934 588 2008 puncto
631 1935 674 1990 F
718 1934 900 2008 aliquid
945 1933 1231 2009 refisteret3
1279 1953 1440 2008 neque
1487 1940 1619 1994 adeo
1661 1961 1775 2015 pars
1812 1961 1944 2016 pon-

167 2019 296 2074 deris
342 2020 381 2075 P
426 2037 610 2093 corpus
652 2020 715 2076 ad
759 2020 971 2093 planum
1019 2021 1311 2077 inclinat-um
1383 2024 1546 2079 adhuc
1615 2029 1947 2102 apprimeret.

168 2104 316 2177 Ergo
361 2104 575 2180 sequitur
617 2105 735 2162 hinc
760 2149 776 2177 ‚
826 2107 958 2162 inter
1012 2107 1130 2163 duas
1195 2106 1286 2162 has
1354 2114 1611 2181 potentias
1637 2159 1652 2184 ‚
1718 2117 1947 2185 priorem

166 2191 473 2247 rotatoriam
545 2205 692 2266 atque
747 2191 880 2249 hanc
925 2192 1136 2249 alteram
1164 2238 1181 2264 ,
1224 2212 1377 2267 quam
1405 2193 1758 2274 apprefforiam
1784 2217 1967 2275 vom,¹

144 2277 276 2332 vdari
335 2277 636 2344 conflietum
702 2278 894 2352 esseque
939 2277 1072 2351 hanc
1117 2280 1188 2334 illi
1228 2284 1531 2339 contrariam
1567 2328 1582 2354 ,
1651 2299 1714 2340 vt
1767 2286 1803 2341 fi
1857 2287 1962 2342 illa'

170 2363 348 2418 vincat
374 2407 389 2435 ,
435 2380 616 2436 corpus
658 2367 877 2420 rotando
903 2409 918 2436 ,
961 2364 999 2420 fi
1043 2381 1171 2419 vero
1216 2365 1340 2421 haec
1377 2369 1736 2443 praeualeatg‘
1759 2383 1946 2444 corpus

169 2449 395 2520 rependo
462 2449 740 2506 descendat.
826 2450 905 2505 Vt
958 2450 1112 2524 igitur
1154 2451 1424 2508 definiatur
1465 2458 1697 2528 potentia
1746 2457 1945 2530 appres-

173 2531 298 2588 soria
327 2576 342 2602 ‚
386 2550 674 2609 exponatur
715 2537 942 2611 corporis
986 2537 1183 2609 pondus
1221 2537 1497 2596 absolutum
1542 2543 1581 2597 P
1633 2560 1727 2616 per
1815 2541 1861 2598 C
1886 2535 1942 2598 G

173 2619 471 2676 verticalem
500 2661 517 2689 ‚
561 2623 710 2696 atque
754 2623 1026 2680 resolvatur
1067 2640 1126 2679 ea
1183 2625 1235 2679 in
1293 2622 1339 2680 C
1365 2625 1414 2681 E
1466 2630 1940 2702 perpendicularem

173 2706 239 2761 ad
283 2700 490 2778 planum
520 2751 535 2778 ‚
576 2725 732 2779 quam
775 2727 907 2765 voco
949 2709 1131 2766 lineam
1158 2712 1481 2787 appreffionis
1504 2759 1518 2785 ,
1561 2728 1613 2769 et
1656 2713 1702 2772 C
1726 2715 1790 2785 K,
1831 2714 1941 2787 pla-

177 2809 252 2847 no
292 2789 339 2845 B
363 2791 419 2848 D
466 2792 806 2866 parallelam3
853 2796 1044 2868 eritque
1089 2799 1384 2873 magnitudo
1430 2801 1686 2871 potentiae
1745 2798 1943 2871 appres-

178 2875 329 2933 soriae
374 2897 449 2931 :z
477 2875 523 2933 C
550 2882 648 2955 E'3
690 2881 934 2955 quoniam
979 2896 1108 2935 vero
1151 2885 1307 2940 etiam
1350 2884 1474 2942 haec
1518 2887 1621 2959 agit
1654 2886 1708 2941 in
1736 2887 1942 2942 vedtrm

256 2963 404 3047 prom.
450 2964 595 3024 XII.
969 2963 1017 3023 L
1055 2967 1079 3023 1
1883 2967 1932 3026 c
