2451 3569
450 208 514 287 '4
557 205 1097 277 INVESTIGATIO
1139 207 1241 268 CV
1243 207 1456 268 RVAR.
1512 201 1715 292 QVAE
1759 202 2177 267 EVOLVTAE

470 369 582 426 lutis
627 368 707 423 vel
751 367 968 422 secundis
1009 363 1091 420 vel
1131 363 1288 417 tertiis
1311 405 1325 432 ,
1367 371 1464 415 etc.
1515 360 1700 436 Neque
1741 378 1870 418 vero
1911 362 1964 416 in
2006 361 2106 417 hoc
2128 376 2218 416 ne·

468 456 618 528 gotio
659 456 799 508 viam
848 449 1263 524 simplicissimam
1304 447 1410 503 sum
1450 445 1688 502 secuturus
1712 492 1726 518 ,
1796 465 1922 520 quae
1978 447 2218 503 facillime

469 542 531 596 ad
600 541 948 611 cognitionem
1019 552 1278 591 curuamm
1341 533 1667 606 quaesitarum
1736 534 2075 604 manuducat3
2135 531 2219 588 sed

470 626 738 698 praecipue
785 623 915 678 mihi
956 621 1272 693 propositum
1317 617 1388 671 est
1421 618 1716 672 relationem
1759 617 1890 670 inter
1913 635 2085 671 arcum
2109 634 2218 672 cur-

470 726 566 763 vae
610 722 660 762 et
703 707 1087 777 respondentem
1127 700 1326 756 radium
1380 702 1658 754 curuedinis
1719 702 2010 772 inuestigare
2033 743 2050 771 ,
2091 717 2221 774 quae

468 794 557 848 etsi
595 789 998 846 differentialibus
1064 788 1298 842 altiorum
1364 788 1606 856 graduum
1653 783 1724 838 est
1764 785 1984 839 inuoluta
2010 829 2026 855 ,
2098 802 2226 858 quae

466 877 564 932 alia·
607 875 854 930 methodo
895 874 1184 946 plerumque
1230 871 1401 924 euitari
1445 869 1642 942 possunt
1665 912 1680 938 ‚
1722 880 1895 922 tamen
1940 872 2099 941 magis
2144 871 2226 925 vi-

467 962 614 1017 detur
654 958 867 1032 gen-uina
913 972 1054 1030 atque
1098 959 1160 1012 ad
1202 955 1479 1010 institutum
1525 954 1931 1008 accommodata.
1970 954 2226 1008 Praeterea

468 1062 598 1102 vero
640 1062 742 1100 non
785 1059 895 1099 tam
939 1043 1169 1098 sollicitus
1211 1057 1298 1094 ero
1340 1040 1403 1094 de
1449 1039 1563 1110 ipsis
1605 1037 1687 1091 his
1725 1039 1885 1092 curuis
1931 1036 2247 1092 definiendis‘

467 1148 622 1203 quam
667 1132 730 1185 de
772 1133 961 1185 ratione
999 1127 1312 1200 aequationes
1335 1123 1682 1179 differentiales
1702 1123 1938 1178 altiorum
1974 1124 2225 1195 graduum

470 1217 646 1272 debito
688 1216 851 1270 modo
892 1214 1133 1270 tr21e’tandi
1160 1255 1175 1282 ,
1215 1226 1280 1264 ex
1306 1211 1459 1281 iisque
1483 1223 1652 1263 curuas
1676 1251 1690 1278 ‚
1714 1207 1775 1262 ad
1802 1225 1918 1280 quas
1943 1209 2231 1280 pertineant>

469 1301 756 1373 assignandi.
800 1301 938 1356 Eum
981 1298 1160 1354 scilicet
1202 1297 1257 1350 in
1297 1294 1456 1349 finem
1499 1294 1598 1349 hoc
1621 1294 1880 1363 negotium
1907 1292 2225 1364 potiffimum

467 1384 690 1457 suscepi,
733 1398 791 1438 vt
836 1388 994 1439 varias
1035 1384 1142 1437 vias
1184 1382 1540 1452 aequationum
1607 1377 2015 1433 differentialium
2080 1378 2224 1433 altio-

468 1485 583 1525 xum
630 1469 871 1540 graduum
915 1465 1316 1523 resoluendarum
1362 1462 1703 1537 patefacerem
1729 1506 1752 1533 ,,
1812 1480 1938 1536 quae
1979 1463 2031 1517 in
2073 1463 2227 1537 pluti-

469 1554 569 1609 mis
591 1553 692 1609 aliis
713 1554 896 1609 casibus
921 1552 1191 1608 Vtilitatem
1218 1565 1322 1604 nou
1344 1548 1777 1604 contemnendam
1812 1546 1985 1603 afferre
2018 1559 2222 1619 queant.

626 1640 672 1706 §.
703 1653 760 1703 3.
811 1638 1024 1694 Initium
1077 1638 1226 1709 igitur
1268 1635 1398 1689 fficio
1436 1635 1500 1688 ab
1544 1633 1605 1688 iis
1646 1633 1805 1687 curuis
1877 1633 2227 1706 inuestigandis

380 1748 391 1762 ⁰
469 1740 596 1800 quae
636 1724 821 1780 suniles
861 1724 956 1778 sint
1002 1721 1089 1776 suis
1130 1719 1344 1775 euolutis
1386 1720 1563 1790 primis
1585 1760 1601 1788 ,
1645 1735 1769 1790 quae
1809 1719 2028 1790 quaestio
2061 1718 2225 1793 dupli-

467 1828 584 1867 cem
626 1808 830 1881 requirit
869 1806 1192 1861 solutionem.
1239 1803 1416 1857 Primo
1455 1803 1625 1873 enim,
1669 1802 1705 1856 si
1728 1819 1875 1857 curua
1897 1802 2114 1874 quaesita.
2130 1820 2228 1875 po.-

467 1908 611 1952 natur
649 1889 838 1950 ΑΜΒ
862 1934 877 1961 ,
918 1891 1052 1944 cuius
1095 1887 1296 1943 euoluta
1337 1886 1396 1941 fit
1426 1884 1610 1955 amb,
1632 1887 1904 1956 quaestioni
1927 1887 2124 1941 satisfiet
2151 1931 2167 1958 ,
2191 1886 2227 1943 fi

468 1996 627 2036 curua.
660 1977 798 2034 amb
841 1979 910 2031 ita
949 1974 1102 2030 fuerit·
1140 1971 1313 2028 similis
1353 1986 1546 2030 cumae.
1572 1967 1793 2040 AMB,
1834 1981 1894 2024 vt
1917 1970 2166 2041 punctum
2189 1986 2239 2026 ιτκ

468 2063 814 2135 homologum
859 2061 918 2116 fit
962 2058 1154 2133 punito
1198 2058 1252 2113 A
1279 2101 1294 2128 ‚
1334 2056 1366 2112 b
1407 2054 1755 2126 homologum
1796 2054 1993 2126 pundto
2015 2052 2063 2108 B
2088 2100 2103 2127 ,
2145 2068 2224 2112 at-

468 2166 595 2223 quae
636 2148 842 2222 quoduis
886 2145 1134 2218 punitum
1177 2161 1227 2200 m
1269 2140 1615 2213 homologum
1659 2139 1728 2193 illi
1773 2141 1966 2212 puneto
2007 2139 2072 2194 M
2099 2185 2114 2210 ,
2157 2156 2225 2197 ex

467 2236 604 2290 cuius
640 2233 933 2288 euolutione
978 2229 1202 2288 nascitur.
1291 2227 1406 2282 Hoc
1451 2227 1588 2280 enim
1635 2224 1736 2296 ipsa
1783 2237 1953 2281 natura
1979 2224 2225 2281 euolutio·

469 2319 549 2375 nis
599 2331 651 2374 et
694 2315 1021 2373 similitudinis
1065 2312 1281 2388 postulat
1306 2353 1323 2383 ,
1365 2311 1403 2367 fi
1444 2313 1581 2366 enim
1608 2310 1855 2382 punitum
1898 2328 1935 2366 a
1975 2311 2224 2366 homolo-

470 2420 596 2477 gum
619 2403 763 2458 fuerit
788 2401 980 2474 punsto
1001 2401 1052 2456 A
1069 2441 1086 2470 ‚
1112 2411 1259 2471 atque
1281 2414 1430 2453 curua
1453 2396 1589 2452 amb
1612 2395 1787 2451 similis
1808 2413 1986 2451 curuue
2022 2394 2187 2452 ΑΜΒ
2207 2415 2228 2451 z·

469 2489 602 2544 arcui
644 2488 800 2543 cuiuis<
847 2486 977 2541 AM
1020 2485 1192 2541 similis
1233 2485 1323 2538 erit
1365 2500 1501 2538 arcus
1542 2498 1638 2536 am
1661 2525 1676 2552 ‚
1700 2481 1787 2553 qui
1826 2482 1896 2535 est
1919 2498 2074 2554 aeque
2110 2498 2224 2536 am-

470 2573 619 2647 plus{
664 2572 765 2627 hoc
806 2572 875 2626 est
914 2571 1000 2643 qui
1042 2569 1203 2625 duCtis
1224 2569 1529 2622 normalibus
1570 2567 1631 2620 ad
1655 2582 1824 2620 cumas
1865 2566 2021 2637 AN,
2048 2565 2237 2637 MNss,¹

470 2675 551 2715 an
577 2703 592 2730 ‚
613 2674 703 2714 mn
725 2700 742 2727 ‚
810 2655 1048 2728 angulum
1113 2653 1474 2727 complectitur
1516 2668 1652 2707 anm
1729 2651 1986 2723 aequalem
2039 2650 2224 2728 angulo

472 2744 526 2799 A
553 2743 610 2799 N
632 2744 737 2800 M:
782 2741 907 2809 haee
949 2757 1082 2796 vero
1145 2739 1408 2812 aequalitas
1450 2737 1619 2793 locum
1666 2735 1850 2806 habet,
1910 2735 1947 2792 fi
1987 2734 2225 2790 normalis

473 2827 540 2884 M
563 2827 621 2885 N
686 2827 931 2903 produita
994 2835 1162 2900 tangat
1214 2841 1425 2881 cumam.
1475 2840 1512 2880 a
1532 2840 1582 2880 m
1635 2822 1685 2877 in
1727 2839 1825 2893 m„
1866 2818 1946 2875 seu
1989 2836 2039 2876 m
2078 2818 2221 2874 fixerit

1819 2918 1824 2919 ⁷
2103 2920 2234 2960 cena--
