<?xml version="1.0" encoding="UTF-8"?>
<!DOCTYPE html PUBLIC "-//W3C//DTD XHTML 1.0 Transitional//EN"
    "http://www.w3.org/TR/xhtml1/DTD/xhtml1-transitional.dtd">
<html xmlns="http://www.w3.org/1999/xhtml" xml:lang="en" lang="en">
 <head>
  <title>
</title>
<meta http-equiv="Content-Type" content="text/html;charset=utf-8" />
  <meta name='ocr-system' content='tesseract 3.04.00' />
  <meta name='ocr-capabilities' content='ocr_page ocr_carea ocr_par ocr_line ocrx_word'/>
</head>
<body>
  <div class='ocr_page' id='page_1' title='image "./commentariiacade12impe_0320.png"; bbox 0 0 2451 3569; ppageno 0'>
   <div class='ocr_carea' id='block_1_1' title="bbox 537 225 2025 306">
    <p class='ocr_par' dir='ltr' id='par_1_1' title="bbox 537 225 2025 306">
     <span class='ocr_line' id='line_1_1' title="bbox 537 225 2025 306; baseline 0 -19"><span class='ocrx_word' id='word_1_1' title='bbox 537 251 661 306; x_wconf 67' lang='lat'>314</span> <span class='ocrx_word' id='word_1_2' title='bbox 827 226 1427 290; x_wconf 69' lang='lat' dir='ltr'>oBsEatzffloNEs</span> <span class='ocrx_word' id='word_1_3' title='bbox 1474 225 2025 289; x_wconf 77' lang='lat' dir='ltr'><em>ANATOMICAE.</em></span> 
     </span>
    </p>
   </div>
   <div class='ocr_carea' id='block_1_2' title="bbox 532 387 2294 2877">
    <p class='ocr_par' dir='ltr' id='par_1_2' title="bbox 532 387 2294 1802">
     <span class='ocr_line' id='line_1_2' title="bbox 532 387 2285 459; baseline -0.001 -14"><span class='ocrx_word' id='word_1_4' title='bbox 532 391 757 445; x_wconf 80' lang='lat' dir='ltr'>canalem</span> <span class='ocrx_word' id='word_1_5' title='bbox 801 390 1104 444; x_wconf 75' lang='lat' dir='ltr'>diametrum</span> <span class='ocrx_word' id='word_1_6' title='bbox 1149 388 1357 442; x_wconf 82' lang='lat' dir='ltr'>dimidia</span> <span class='ocrx_word' id='word_1_7' title='bbox 1402 388 1548 440; x_wconf 82' lang='lat' dir='ltr'>vucia</span> <span class='ocrx_word' id='word_1_8' title='bbox 1594 389 1842 442; x_wconf 86' lang='lat' dir='ltr'>maiorem</span> <span class='ocrx_word' id='word_1_9' title='bbox 1890 390 2170 459; x_wconf 77' lang='lat' dir='ltr'>tenebant3</span> <span class='ocrx_word' id='word_1_10' title='bbox 2214 387 2285 444; x_wconf 85' lang='lat' dir='ltr'>la-</span> 
     </span>
     <span class='ocr_line' id='line_1_3' title="bbox 535 471 2287 544; baseline 0.001 -18"><span class='ocrx_word' id='word_1_11' title='bbox 535 477 686 529; x_wconf 82' lang='lat' dir='ltr'>tiores</span> <span class='ocrx_word' id='word_1_12' title='bbox 740 489 790 528; x_wconf 89' lang='lat' dir='ltr'>et</span> <span class='ocrx_word' id='word_1_13' title='bbox 845 477 906 529; x_wconf 86' lang='lat' dir='ltr'>ad</span> <span class='ocrx_word' id='word_1_14' title='bbox 952 487 1048 528; x_wconf 85' lang='lat' dir='ltr'>tres</span> <span class='ocrx_word' id='word_1_15' title='bbox 1091 488 1278 544; x_wconf 78' lang='lat' dir='ltr'>quartas</span> <span class='ocrx_word' id='word_1_16' title='bbox 1335 485 1493 543; x_wconf 79' lang='lat' dir='ltr'>partes</span> <span class='ocrx_word' id='word_1_17' title='bbox 1548 471 1793 543; x_wconf 75' lang='lat' dir='ltr'>iuperius,</span> <span class='ocrx_word' id='word_1_18' title='bbox 1840 475 1925 525; x_wconf 87' lang='lat' dir='ltr'>vbi</span> <span class='ocrx_word' id='word_1_19' title='bbox 1969 475 2287 528; x_wconf 67' lang='lat' dir='ltr'>coniuucstioa</span> 
     </span>
     <span class='ocr_line' id='line_1_4' title="bbox 536 550 2281 626; baseline -0.001 -14"><span class='ocrx_word' id='word_1_20' title='bbox 536 574 658 612; x_wconf 89' lang='lat' dir='ltr'>nem</span> <span class='ocrx_word' id='word_1_21' title='bbox 708 559 949 626; x_wconf 82' lang='lat' dir='ltr'>subeunt,</span> <span class='ocrx_word' id='word_1_22' title='bbox 1016 559 1290 610; x_wconf 75' lang='lat' dir='ltr'>euadentes.</span> <span class='ocrx_word' id='word_1_23' title='bbox 1393 556 1595 610; x_wconf 82' lang='lat' dir='ltr'>Dexter</span> <span class='ocrx_word' id='word_1_24' title='bbox 1640 569 1835 608; x_wconf 71' lang='lat' dir='ltr'>truncus</span> <span class='ocrx_word' id='word_1_25' title='bbox 1875 550 2130 612; x_wconf 69' lang='lat' dir='ltr'>ascendens</span> <span class='ocrx_word' id='word_1_26' title='bbox 2177 571 2281 611; x_wconf 82' lang='lat' dir='ltr'>non</span> 
     </span>
     <span class='ocr_line' id='line_1_5' title="bbox 535 640 2285 714; baseline 0 -19"><span class='ocrx_word' id='word_1_27' title='bbox 535 643 709 714; x_wconf 84' lang='lat' dir='ltr'>procul</span> <span class='ocrx_word' id='word_1_28' title='bbox 752 646 814 696; x_wconf 83' lang='lat' dir='ltr'>ab</span> <span class='ocrx_word' id='word_1_29' title='bbox 857 642 1144 712; x_wconf 83' lang='lat' dir='ltr'>emulgeute</span> <span class='ocrx_word' id='word_1_30' title='bbox 1201 656 1329 693; x_wconf 74' lang='lat' dir='ltr'>vena</span> <span class='ocrx_word' id='word_1_31' title='bbox 1376 657 1461 693; x_wconf 85' lang='lat' dir='ltr'>vas</span> <span class='ocrx_word' id='word_1_32' title='bbox 1525 640 1875 710; x_wconf 80' lang='lat' dir='ltr'>spermaticum</span> <span class='ocrx_word' id='word_1_33' title='bbox 1931 642 2167 696; x_wconf 89' lang='lat' dir='ltr'>dextrum</span> <span class='ocrx_word' id='word_1_34' title='bbox 2214 641 2285 695; x_wconf 83' lang='lat' dir='ltr'>su-</span> 
     </span>
     <span class='ocr_line' id='line_1_6' title="bbox 535 725 2285 797; baseline 0.001 -20"><span class='ocrx_word' id='word_1_35' title='bbox 535 727 766 795; x_wconf 82' lang='lat' dir='ltr'>scipiebat</span> <span class='ocrx_word' id='word_1_36' title='bbox 795 771 809 796; x_wconf 81' lang='grc'>,</span> <span class='ocrx_word' id='word_1_37' title='bbox 868 727 1036 796; x_wconf 70' lang='lat' dir='ltr'>paullo</span> <span class='ocrx_word' id='word_1_38' title='bbox 1090 725 1299 796; x_wconf 78' lang='lat' dir='ltr'>superius</span> <span class='ocrx_word' id='word_1_39' title='bbox 1345 741 1469 778; x_wconf 84' lang='lat' dir='ltr'>vero</span> <span class='ocrx_word' id='word_1_40' title='bbox 1508 741 1695 777; x_wconf 83' lang='lat' dir='ltr'>venam</span> <span class='ocrx_word' id='word_1_41' title='bbox 1754 725 2137 794; x_wconf 64' lang='lat' dir='ltr'>emulgentem‘,</span> <span class='ocrx_word' id='word_1_42' title='bbox 2184 742 2285 797; x_wconf 92' lang='lat' dir='ltr'>quo</span> 
     </span>
     <span class='ocr_line' id='line_1_7' title="bbox 535 808 2287 880; baseline 0.001 -18"><span class='ocrx_word' id='word_1_43' title='bbox 535 809 720 863; x_wconf 90' lang='lat' dir='ltr'>iterum</span> <span class='ocrx_word' id='word_1_44' title='bbox 777 811 905 864; x_wconf 85' lang='lat' dir='ltr'>aliud</span> <span class='ocrx_word' id='word_1_45' title='bbox 965 826 1046 862; x_wconf 78' lang='lat' dir='ltr'>vas</span> <span class='ocrx_word' id='word_1_46' title='bbox 1106 810 1464 880; x_wconf 81' lang='lat' dir='ltr'>spermaticum</span> <span class='ocrx_word' id='word_1_47' title='bbox 1519 808 1851 863; x_wconf 79' lang='lat' dir='ltr'>abscedebat:</span> <span class='ocrx_word' id='word_1_48' title='bbox 1921 809 2102 862; x_wconf 84' lang='lat' dir='ltr'>sinister</span> <span class='ocrx_word' id='word_1_49' title='bbox 2161 824 2287 863; x_wconf 80' lang='lat' dir='ltr'>vero</span> 
     </span>
     <span class='ocr_line' id='line_1_8' title="bbox 536 892 2287 964; baseline 0 -18"><span class='ocrx_word' id='word_1_50' title='bbox 536 906 735 947; x_wconf 86' lang='lat' dir='ltr'>truncus</span> <span class='ocrx_word' id='word_1_51' title='bbox 778 896 954 948; x_wconf 89' lang='lat' dir='ltr'>itidem</span> <span class='ocrx_word' id='word_1_52' title='bbox 1007 893 1089 947; x_wconf 92' lang='lat' dir='ltr'>sub</span> <span class='ocrx_word' id='word_1_53' title='bbox 1136 895 1259 946; x_wconf 65' lang='lat' dir='ltr'>vasis</span> <span class='ocrx_word' id='word_1_54' title='bbox 1299 894 1536 948; x_wconf 83' lang='lat' dir='ltr'>renalibus</span> <span class='ocrx_word' id='word_1_55' title='bbox 1590 892 1857 946; x_wconf 78' lang='lat' dir='ltr'>assumebat</span> <span class='ocrx_word' id='word_1_56' title='bbox 1900 909 1990 963; x_wconf 79' lang='lat' dir='ltr'>vas</span> <span class='ocrx_word' id='word_1_57' title='bbox 2031 894 2287 964; x_wconf 86' lang='lat' dir='ltr'>spermati-</span> 
     </span>
     <span class='ocr_line' id='line_1_9' title="bbox 534 977 2285 1049; baseline -0.001 -19"><span class='ocrx_word' id='word_1_58' title='bbox 534 995 655 1030; x_wconf 91' lang='lat' dir='ltr'>cum</span> <span class='ocrx_word' id='word_1_59' title='bbox 698 978 938 1031; x_wconf 83' lang='lat' dir='ltr'>sinistrum</span> <span class='ocrx_word' id='word_1_60' title='bbox 964 1022 978 1047; x_wconf 81' lang='lat'>‚</span> <span class='ocrx_word' id='word_1_61' title='bbox 1021 978 1227 1049; x_wconf 85' lang='lat' dir='ltr'>posthac</span> <span class='ocrx_word' id='word_1_62' title='bbox 1273 978 1408 1031; x_wconf 78' lang='lat' dir='ltr'>binas</span> <span class='ocrx_word' id='word_1_63' title='bbox 1451 995 1598 1030; x_wconf 86' lang='lat' dir='ltr'>venas</span> <span class='ocrx_word' id='word_1_64' title='bbox 1638 977 1824 1030; x_wconf 84' lang='lat' dir='ltr'>renales</span> <span class='ocrx_word' id='word_1_65' title='bbox 1848 1020 1862 1046; x_wconf 82' lang='lat'>,</span> <span class='ocrx_word' id='word_1_66' title='bbox 1916 977 2057 1047; x_wconf 89' lang='lat' dir='ltr'>super</span> <span class='ocrx_word' id='word_1_67' title='bbox 2109 977 2285 1030; x_wconf 85' lang='lat' dir='ltr'>renali-</span> 
     </span>
     <span class='ocr_line' id='line_1_10' title="bbox 534 1060 2288 1132; baseline -0.001 -17"><span class='ocrx_word' id='word_1_68' title='bbox 534 1061 624 1115; x_wconf 81' lang='lat' dir='ltr'>bus</span> <span class='ocrx_word' id='word_1_69' title='bbox 689 1063 900 1132; x_wconf 82' lang='lat' dir='ltr'>denique</span> <span class='ocrx_word' id='word_1_70' title='bbox 969 1064 1022 1114; x_wconf 87' lang='lat' dir='ltr'>in</span> <span class='ocrx_word' id='word_1_71' title='bbox 1091 1079 1262 1114; x_wconf 87' lang='lat' dir='ltr'>arcum</span> <span class='ocrx_word' id='word_1_72' title='bbox 1332 1060 1641 1115; x_wconf 81' lang='lat' dir='ltr'>dextrorsum</span> <span class='ocrx_word' id='word_1_73' title='bbox 1711 1073 2010 1131; x_wconf 87' lang='lat' dir='ltr'>vergentem</span> <span class='ocrx_word' id='word_1_74' title='bbox 2067 1074 2121 1116; x_wconf 91' lang='lat' dir='ltr'>et</span> <span class='ocrx_word' id='word_1_75' title='bbox 2163 1074 2288 1116; x_wconf 86' lang='lat' dir='ltr'>arte-</span> 
     </span>
     <span class='ocr_line' id='line_1_11' title="bbox 534 1144 2291 1214; baseline 0.002 -18"><span class='ocrx_word' id='word_1_76' title='bbox 534 1146 666 1197; x_wconf 83' lang='lat' dir='ltr'>riam</span> <span class='ocrx_word' id='word_1_77' title='bbox 710 1162 949 1213; x_wconf 83' lang='lat' dir='ltr'>magnam</span> <span class='ocrx_word' id='word_1_78' title='bbox 996 1145 1435 1198; x_wconf 82' lang='lat' dir='ltr'>transscendentem</span> <span class='ocrx_word' id='word_1_79' title='bbox 1480 1144 1807 1214; x_wconf 84' lang='lat' dir='ltr'>excurrebat,</span> <span class='ocrx_word' id='word_1_80' title='bbox 1853 1147 1904 1199; x_wconf 91' lang='lat' dir='ltr'>in</span> <span class='ocrx_word' id='word_1_81' title='bbox 1948 1162 2121 1200; x_wconf 82' lang='lat' dir='ltr'>arcum</span> <span class='ocrx_word' id='word_1_82' title='bbox 2165 1161 2291 1200; x_wconf 81' lang='lat' dir='ltr'>vena</span> 
     </span>
     <span class='ocr_line' id='line_1_12' title="bbox 535 1226 2289 1304; baseline 0.001 -24"><span class='ocrx_word' id='word_1_83' title='bbox 535 1226 817 1280; x_wconf 81' lang='lat' dir='ltr'>atrabilaria</span> <span class='ocrx_word' id='word_1_84' title='bbox 884 1226 1062 1279; x_wconf 81' lang='lat' dir='ltr'>sinistra</span> <span class='ocrx_word' id='word_1_85' title='bbox 1117 1226 1431 1296; x_wconf 85' lang='lat' dir='ltr'>infigebatur.</span> <span class='ocrx_word' id='word_1_86' title='bbox 1532 1227 1806 1280; x_wconf 84' lang='lat' dir='ltr'>Lumbares</span> <span class='ocrx_word' id='word_1_87' title='bbox 1872 1246 2022 1283; x_wconf 84' lang='lat' dir='ltr'>venas</span> <span class='ocrx_word' id='word_1_88' title='bbox 2086 1232 2289 1304; x_wconf 79' lang='lat' dir='ltr'>quisque</span> 
     </span>
     <span class='ocr_line' id='line_1_13' title="bbox 534 1309 2290 1384; baseline 0.002 -22"><span class='ocrx_word' id='word_1_89' title='bbox 534 1322 730 1363; x_wconf 79' lang='lat' dir='ltr'>truncus</span> <span class='ocrx_word' id='word_1_90' title='bbox 786 1309 849 1363; x_wconf 88' lang='lat' dir='ltr'>sui</span> <span class='ocrx_word' id='word_1_91' title='bbox 893 1311 1055 1364; x_wconf 86' lang='lat' dir='ltr'>lateris</span> <span class='ocrx_word' id='word_1_92' title='bbox 1096 1309 1331 1379; x_wconf 85' lang='lat' dir='ltr'>fouebat,</span> <span class='ocrx_word' id='word_1_93' title='bbox 1389 1311 1440 1363; x_wconf 89' lang='lat' dir='ltr'>in</span> <span class='ocrx_word' id='word_1_94' title='bbox 1488 1326 1649 1363; x_wconf 85' lang='lat' dir='ltr'>vnum</span> <span class='ocrx_word' id='word_1_95' title='bbox 1693 1311 1894 1363; x_wconf 88' lang='lat' dir='ltr'>tandem</span> <span class='ocrx_word' id='word_1_96' title='bbox 1923 1355 1937 1379; x_wconf 81' lang='lat'><strong>,</strong></span> <span class='ocrx_word' id='word_1_97' title='bbox 1988 1312 2290 1384; x_wconf 76' lang='lat' dir='ltr'>[uppeditata</span> 
     </span>
     <span class='ocr_line' id='line_1_14' title="bbox 534 1393 2291 1467; baseline 0.002 -19"><span class='ocrx_word' id='word_1_98' title='bbox 534 1394 710 1462; x_wconf 82' lang='lat' dir='ltr'>insula,</span> <span class='ocrx_word' id='word_1_99' title='bbox 754 1395 1032 1448; x_wconf 86' lang='lat' dir='ltr'>combinati</span> <span class='ocrx_word' id='word_1_100' title='bbox 1074 1397 1232 1448; x_wconf 89' lang='lat' dir='ltr'>trunci</span> <span class='ocrx_word' id='word_1_101' title='bbox 1279 1395 1498 1466; x_wconf 89' lang='lat' dir='ltr'>stipitem</span> <span class='ocrx_word' id='word_1_102' title='bbox 1544 1393 1898 1465; x_wconf 85' lang='lat' dir='ltr'>sesquiunciam</span> <span class='ocrx_word' id='word_1_103' title='bbox 1922 1394 2128 1464; x_wconf 85' lang='lat' dir='ltr'>longum</span> <span class='ocrx_word' id='word_1_104' title='bbox 2153 1400 2291 1467; x_wconf 87' lang='lat' dir='ltr'>priu-</span> 
     </span>
     <span class='ocr_line' id='line_1_15' title="bbox 537 1477 2289 1551; baseline 0.002 -21"><span class='ocrx_word' id='word_1_105' title='bbox 537 1479 754 1547; x_wconf 87' lang='lat' dir='ltr'>cipalem</span> <span class='ocrx_word' id='word_1_106' title='bbox 800 1480 1157 1550; x_wconf 76' lang='lat' dir='ltr'>porrigebant,</span> <span class='ocrx_word' id='word_1_107' title='bbox 1209 1496 1357 1550; x_wconf 91' lang='lat' dir='ltr'>quem</span> <span class='ocrx_word' id='word_1_108' title='bbox 1425 1479 1598 1551; x_wconf 79' lang='lat' dir='ltr'>hepati</span> <span class='ocrx_word' id='word_1_109' title='bbox 1654 1477 2046 1531; x_wconf 83' lang='lat' dir='ltr'>committebant</span> <span class='ocrx_word' id='word_1_110' title='bbox 2102 1492 2153 1532; x_wconf 88' lang='lat' dir='ltr'>et</span> <span class='ocrx_word' id='word_1_111' title='bbox 2205 1481 2289 1551; x_wconf 89' lang='lat' dir='ltr'>qui</span> 
     </span>
     <span class='ocr_line' id='line_1_16' title="bbox 537 1561 2293 1635; baseline 0.001 -19"><span class='ocrx_word' id='word_1_112' title='bbox 537 1562 693 1632; x_wconf 86' lang='lat' dir='ltr'>hepar</span> <span class='ocrx_word' id='word_1_113' title='bbox 754 1576 1023 1634; x_wconf 85' lang='lat' dir='ltr'>antequam</span> <span class='ocrx_word' id='word_1_114' title='bbox 1079 1564 1442 1635; x_wconf 82' lang='lat' dir='ltr'>ingrediebatur</span> <span class='ocrx_word' id='word_1_115' title='bbox 1470 1605 1486 1632; x_wconf 85' lang='lat'>‚</span> <span class='ocrx_word' id='word_1_116' title='bbox 1544 1579 1730 1617; x_wconf 83' lang='lat' dir='ltr'>venam</span> <span class='ocrx_word' id='word_1_117' title='bbox 1784 1561 2110 1616; x_wconf 72' lang='lat' dir='ltr'>atrabilariam</span> <span class='ocrx_word' id='word_1_118' title='bbox 2162 1564 2293 1617; x_wconf 84' lang='lat' dir='ltr'>dex-</span> 
     </span>
     <span class='ocr_line' id='line_1_17' title="bbox 535 1646 2294 1717; baseline 0.003 -19"><span class='ocrx_word' id='word_1_119' title='bbox 535 1658 669 1698; x_wconf 87' lang='lat' dir='ltr'>tram</span> <span class='ocrx_word' id='word_1_120' title='bbox 695 1689 710 1711; x_wconf 67' lang='lat'>,</span> <span class='ocrx_word' id='word_1_121' title='bbox 757 1647 836 1699; x_wconf 84' lang='lat' dir='ltr'>vel</span> <span class='ocrx_word' id='word_1_122' title='bbox 878 1650 1045 1717; x_wconf 63' lang='lat' dir='ltr'>potine</span> <span class='ocrx_word' id='word_1_123' title='bbox 1088 1649 1295 1701; x_wconf 86' lang='lat' dir='ltr'>breuem</span> <span class='ocrx_word' id='word_1_124' title='bbox 1336 1649 1562 1701; x_wconf 86' lang='lat' dir='ltr'>canalem</span> <span class='ocrx_word' id='word_1_125' title='bbox 1589 1691 1604 1716; x_wconf 81' lang='lat'>‚</span> <span class='ocrx_word' id='word_1_126' title='bbox 1650 1648 1791 1717; x_wconf 88' lang='lat' dir='ltr'>(quia</span> <span class='ocrx_word' id='word_1_127' title='bbox 1835 1662 1927 1699; x_wconf 90' lang='lat' dir='ltr'>ren</span> <span class='ocrx_word' id='word_1_128' title='bbox 1970 1646 2294 1704; x_wconf 84' lang='lat' dir='ltr'>succenturia-</span> 
     </span>
     <span class='ocr_line' id='line_1_18' title="bbox 537 1731 1859 1802; baseline 0.001 -20"><span class='ocrx_word' id='word_1_129' title='bbox 537 1740 611 1783; x_wconf 71' lang='lat' dir='ltr'>tu³¹</span> <span class='ocrx_word' id='word_1_130' title='bbox 654 1732 901 1801; x_wconf 83' lang='lat' dir='ltr'>proxime</span> <span class='ocrx_word' id='word_1_131' title='bbox 948 1731 1165 1802; x_wconf 89' lang='lat' dir='ltr'>stipitem</span> <span class='ocrx_word' id='word_1_132' title='bbox 1212 1732 1499 1801; x_wconf 82' lang='lat' dir='ltr'>adiacebat)</span> <span class='ocrx_word' id='word_1_133' title='bbox 1546 1732 1859 1785; x_wconf 87' lang='lat' dir='ltr'>admittebat.</span> 
     </span>
    </p>

    <p class='ocr_par' dir='ltr' id='par_1_3' title="bbox 534 1813 2294 2877">
     <span class='ocr_line' id='line_1_19' title="bbox 695 1813 2291 1886; baseline 0.003 -18"><span class='ocrx_word' id='word_1_134' title='bbox 695 1815 795 1869; x_wconf 85' lang='lat' dir='ltr'>Hic</span> <span class='ocrx_word' id='word_1_135' title='bbox 837 1814 980 1868; x_wconf 88' lang='lat' dir='ltr'>adiici</span> <span class='ocrx_word' id='word_1_136' title='bbox 1024 1828 1281 1869; x_wconf 85' lang='lat' dir='ltr'>meretur:</span> <span class='ocrx_word' id='word_1_137' title='bbox 1339 1817 1575 1870; x_wconf 86' lang='lat' dir='ltr'>finistrum</span> <span class='ocrx_word' id='word_1_138' title='bbox 1631 1813 1824 1886; x_wconf 80' lang='lat' dir='ltr'>hepatis</span> <span class='ocrx_word' id='word_1_139' title='bbox 1876 1815 2053 1870; x_wconf 89' lang='lat' dir='ltr'>lobum</span> <span class='ocrx_word' id='word_1_140' title='bbox 2096 1819 2148 1870; x_wconf 89' lang='lat' dir='ltr'>in</span> <span class='ocrx_word' id='word_1_141' title='bbox 2191 1817 2291 1873; x_wconf 91' lang='lat' dir='ltr'>hoc</span> 
     </span>
     <span class='ocr_line' id='line_1_20' title="bbox 534 1895 2292 1976; baseline 0.003 -26"><span class='ocrx_word' id='word_1_142' title='bbox 534 1895 754 1952; x_wconf 68' lang='lat' dir='ltr'>subietsto</span> <span class='ocrx_word' id='word_1_143' title='bbox 793 1898 937 1950; x_wconf 82' lang='lat' dir='ltr'>solito</span> <span class='ocrx_word' id='word_1_144' title='bbox 982 1901 1143 1952; x_wconf 90' lang='lat' dir='ltr'>multo</span> <span class='ocrx_word' id='word_1_145' title='bbox 1189 1902 1436 1954; x_wconf 83' lang='lat' dir='ltr'>maiorem</span> <span class='ocrx_word' id='word_1_146' title='bbox 1469 1936 1503 1976; x_wconf 55' lang='lat' dir='ltr'>,s</span> <span class='ocrx_word' id='word_1_147' title='bbox 1526 1901 1716 1952; x_wconf 86' lang='lat' dir='ltr'>lienem</span> <span class='ocrx_word' id='word_1_148' title='bbox 1773 1900 1834 1954; x_wconf 86' lang='lat' dir='ltr'>ad</span> <span class='ocrx_word' id='word_1_149' title='bbox 1878 1917 2026 1971; x_wconf 84' lang='lat' dir='ltr'>vsque</span> <span class='ocrx_word' id='word_1_150' title='bbox 2071 1913 2292 1973; x_wconf 82' lang='lat' dir='ltr'>protrac-</span> 
     </span>
     <span class='ocr_line' id='line_1_21' title="bbox 536 1983 2294 2055; baseline 0.004 -21"><span class='ocrx_word' id='word_1_151' title='bbox 536 1992 646 2034; x_wconf 92' lang='lat' dir='ltr'>tum</span> <span class='ocrx_word' id='word_1_152' title='bbox 677 2026 691 2051; x_wconf 81' lang='lat'>,</span> <span class='ocrx_word' id='word_1_153' title='bbox 733 2000 790 2036; x_wconf 91' lang='lat' dir='ltr'>ac</span> <span class='ocrx_word' id='word_1_154' title='bbox 833 1999 953 2035; x_wconf 93' lang='lat' dir='ltr'>cum</span> <span class='ocrx_word' id='word_1_155' title='bbox 998 1983 1086 2036; x_wconf 92' lang='lat' dir='ltr'>illo</span> <span class='ocrx_word' id='word_1_156' title='bbox 1129 1985 1189 2038; x_wconf 87' lang='lat' dir='ltr'>ad</span> <span class='ocrx_word' id='word_1_157' title='bbox 1233 1995 1442 2055; x_wconf 85' lang='lat' dir='ltr'>quatuor</span> <span class='ocrx_word' id='word_1_158' title='bbox 1486 1985 1650 2037; x_wconf 84' lang='lat' dir='ltr'>vncias</span> <span class='ocrx_word' id='word_1_159' title='bbox 1673 2027 1688 2053; x_wconf 80' lang='lat'>,</span> <span class='ocrx_word' id='word_1_160' title='bbox 1735 1985 1896 2054; x_wconf 88' lang='lat' dir='ltr'>quoad</span> <span class='ocrx_word' id='word_1_161' title='bbox 1937 1987 2124 2041; x_wconf 87' lang='lat' dir='ltr'>tunicas</span> <span class='ocrx_word' id='word_1_162' title='bbox 2167 1988 2294 2042; x_wconf 85' lang='lat' dir='ltr'>vtri-</span> 
     </span>
     <span class='ocr_line' id='line_1_22' title="bbox 536 2067 2290 2142; baseline 0.004 -24"><span class='ocrx_word' id='word_1_163' title='bbox 536 2081 690 2136; x_wconf 73' lang='lat' dir='ltr'>Vsque</span> <span class='ocrx_word' id='word_1_164' title='bbox 736 2069 1003 2136; x_wconf 64' lang='lat' dir='ltr'>proprias,</span> <span class='ocrx_word' id='word_1_165' title='bbox 1047 2082 1341 2121; x_wconf 89' lang='lat' dir='ltr'>concretum</span> <span class='ocrx_word' id='word_1_166' title='bbox 1384 2069 1629 2121; x_wconf 85' lang='lat' dir='ltr'>exstitiffe.</span> <span class='ocrx_word' id='word_1_167' title='bbox 1732 2067 1869 2122; x_wconf 90' lang='lat' dir='ltr'>Item</span> <span class='ocrx_word' id='word_1_168' title='bbox 1911 2070 2120 2124; x_wconf 61' lang='lat' dir='ltr'>ductum</span> <span class='ocrx_word' id='word_1_169' title='bbox 2165 2087 2290 2142; x_wconf 86' lang='lat' dir='ltr'>pan-</span> 
     </span>
     <span class='ocr_line' id='line_1_23' title="bbox 534 2150 2287 2223; baseline 0.004 -21"><span class='ocrx_word' id='word_1_170' title='bbox 534 2152 804 2205; x_wconf 77' lang='lat' dir='ltr'>creaticum</span> <span class='ocrx_word' id='word_1_171' title='bbox 860 2150 1043 2220; x_wconf 89' lang='lat' dir='ltr'>duplici</span> <span class='ocrx_word' id='word_1_172' title='bbox 1102 2164 1276 2205; x_wconf 88' lang='lat' dir='ltr'>trunco</span> <span class='ocrx_word' id='word_1_173' title='bbox 1330 2166 1381 2205; x_wconf 90' lang='lat' dir='ltr'>et</span> <span class='ocrx_word' id='word_1_174' title='bbox 1434 2151 1698 2205; x_wconf 85' lang='lat' dir='ltr'>insertione</span> <span class='ocrx_word' id='word_1_175' title='bbox 1750 2154 1973 2223; x_wconf 85' lang='lat' dir='ltr'>gauisum</span> <span class='ocrx_word' id='word_1_176' title='bbox 2019 2154 2152 2209; x_wconf 77' lang='lat' dir='ltr'>fuifle</span> <span class='ocrx_word' id='word_1_177' title='bbox 2177 2197 2191 2223; x_wconf 86' lang='lat'>‚</span> <span class='ocrx_word' id='word_1_178' title='bbox 2235 2156 2287 2209; x_wconf 89' lang='lat' dir='ltr'>in</span> 
     </span>
     <span class='ocr_line' id='line_1_24' title="bbox 539 2233 2288 2311; baseline 0.003 -25"><span class='ocrx_word' id='word_1_179' title='bbox 539 2233 694 2287; x_wconf 85' lang='lat' dir='ltr'>talem</span> <span class='ocrx_word' id='word_1_180' title='bbox 740 2236 926 2307; x_wconf 88' lang='lat' dir='ltr'>quippe</span> <span class='ocrx_word' id='word_1_181' title='bbox 970 2236 1187 2289; x_wconf 91' lang='lat' dir='ltr'>modum</span> <span class='ocrx_word' id='word_1_182' title='bbox 1232 2236 1590 2308; x_wconf 82' lang='lat' dir='ltr'>efformatum:</span> <span class='ocrx_word' id='word_1_183' title='bbox 1635 2238 1764 2307; x_wconf 88' lang='lat' dir='ltr'>apud</span> <span class='ocrx_word' id='word_1_184' title='bbox 1808 2236 2026 2308; x_wconf 82' lang='lat' dir='ltr'>lienem,</span> <span class='ocrx_word' id='word_1_185' title='bbox 2052 2239 2136 2293; x_wconf 85' lang='lat' dir='ltr'>vbi</span> <span class='ocrx_word' id='word_1_186' title='bbox 2161 2255 2288 2311; x_wconf 84' lang='lat' dir='ltr'>pan-</span> 
     </span>
     <span class='ocr_line' id='line_1_25' title="bbox 535 2316 2288 2393; baseline 0.004 -23"><span class='ocrx_word' id='word_1_187' title='bbox 535 2333 669 2370; x_wconf 86' lang='lat' dir='ltr'>creas</span> <span class='ocrx_word' id='word_1_188' title='bbox 713 2320 890 2389; x_wconf 89' lang='lat' dir='ltr'>incipit</span> <span class='ocrx_word' id='word_1_189' title='bbox 917 2362 930 2387; x_wconf 85' lang='grc'>,</span> <span class='ocrx_word' id='word_1_190' title='bbox 972 2336 1038 2373; x_wconf 90' lang='lat' dir='ltr'>ex</span> <span class='ocrx_word' id='word_1_191' title='bbox 1080 2316 1282 2374; x_wconf 84' lang='lat' dir='ltr'>ramulis</span> <span class='ocrx_word' id='word_1_192' title='bbox 1321 2320 1630 2374; x_wconf 81' lang='lat' dir='ltr'>conflabatur</span> <span class='ocrx_word' id='word_1_193' title='bbox 1673 2322 1889 2393; x_wconf 67' lang='lat' dir='ltr'>dustt153</span> <span class='ocrx_word' id='word_1_194' title='bbox 1937 2322 2022 2375; x_wconf 91' lang='lat' dir='ltr'>hic</span> <span class='ocrx_word' id='word_1_195' title='bbox 2065 2323 2210 2392; x_wconf 79' lang='lat' dir='ltr'>duaS‚</span> <span class='ocrx_word' id='word_1_196' title='bbox 2235 2335 2288 2377; x_wconf 90' lang='lat' dir='ltr'>et</span> 
     </span>
     <span class='ocr_line' id='line_1_26' title="bbox 537 2403 2287 2476; baseline 0.004 -21"><span class='ocrx_word' id='word_1_197' title='bbox 537 2403 675 2471; x_wconf 89' lang='lat' dir='ltr'>quod</span> <span class='ocrx_word' id='word_1_198' title='bbox 721 2406 948 2473; x_wconf 83' lang='lat' dir='ltr'>excedit,</span> <span class='ocrx_word' id='word_1_199' title='bbox 990 2405 1159 2459; x_wconf 80' lang='lat' dir='ltr'>vncias</span> <span class='ocrx_word' id='word_1_200' title='bbox 1202 2405 1480 2476; x_wconf 85' lang='lat' dir='ltr'>progreffus</span> <span class='ocrx_word' id='word_1_201' title='bbox 1522 2410 1573 2457; x_wconf 85' lang='lat' dir='ltr'>in</span> <span class='ocrx_word' id='word_1_202' title='bbox 1617 2405 1760 2458; x_wconf 85' lang='lat' dir='ltr'>binos</span> <span class='ocrx_word' id='word_1_203' title='bbox 1804 2408 1923 2459; x_wconf 84' lang='lat' dir='ltr'>alios</span> <span class='ocrx_word' id='word_1_204' title='bbox 1965 2406 2287 2463; x_wconf 85' lang='lat' dir='ltr'>dirimebatur</span> 
     </span>
     <span class='ocr_line' id='line_1_27' title="bbox 541 2485 2283 2561; baseline 0.006 -24"><span class='ocrx_word' id='word_1_205' title='bbox 541 2485 717 2539; x_wconf 62' lang='lat' dir='ltr'>ductus</span> <span class='ocrx_word' id='word_1_206' title='bbox 743 2531 757 2555; x_wconf 82' lang='lat'>,</span> <span class='ocrx_word' id='word_1_207' title='bbox 803 2506 1023 2559; x_wconf 89' lang='lat' dir='ltr'>quorum</span> <span class='ocrx_word' id='word_1_208' title='bbox 1064 2506 1190 2541; x_wconf 79' lang='lat' dir='ltr'>vnus</span> <span class='ocrx_word' id='word_1_209' title='bbox 1233 2502 1283 2541; x_wconf 90' lang='lat' dir='ltr'>et</span> <span class='ocrx_word' id='word_1_210' title='bbox 1327 2488 1535 2561; x_wconf 88' lang='lat' dir='ltr'>superior</span> <span class='ocrx_word' id='word_1_211' title='bbox 1577 2491 1629 2542; x_wconf 90' lang='lat' dir='ltr'>in</span> <span class='ocrx_word' id='word_1_212' title='bbox 1675 2490 1894 2543; x_wconf 83' lang='lat' dir='ltr'>distantia</span> <span class='ocrx_word' id='word_1_213' title='bbox 1938 2490 2155 2545; x_wconf 91' lang='lat' dir='ltr'>duorum</span> <span class='ocrx_word' id='word_1_214' title='bbox 2192 2491 2283 2546; x_wconf 74' lang='lat' dir='ltr'>fer-</span> 
     </span>
     <span class='ocr_line' id='line_1_28' title="bbox 538 2571 2281 2647; baseline 0.005 -26"><span class='ocrx_word' id='word_1_215' title='bbox 538 2585 627 2622; x_wconf 90' lang='lat' dir='ltr'>me</span> <span class='ocrx_word' id='word_1_216' title='bbox 668 2571 937 2640; x_wconf 83' lang='lat' dir='ltr'>digitorum</span> <span class='ocrx_word' id='word_1_217' title='bbox 1007 2571 1388 2626; x_wconf 79' lang='lat' dir='ltr'>transuersorum</span> <span class='ocrx_word' id='word_1_218' title='bbox 1456 2573 1520 2625; x_wconf 85' lang='lat' dir='ltr'>ab</span> <span class='ocrx_word' id='word_1_219' title='bbox 1574 2572 1732 2625; x_wconf 84' lang='lat' dir='ltr'>altero</span> <span class='ocrx_word' id='word_1_220' title='bbox 1787 2573 1952 2627; x_wconf 75' lang='lat' dir='ltr'>versus</span> <span class='ocrx_word' id='word_1_221' title='bbox 2003 2575 2240 2645; x_wconf 89' lang='lat' dir='ltr'>pylorum</span> <span class='ocrx_word' id='word_1_222' title='bbox 2265 2619 2281 2647; x_wconf 79' lang='lat'>,</span> 
     </span>
     <span class='ocr_line' id='line_1_29' title="bbox 535 2653 2286 2727; baseline 0.006 -22"><span class='ocrx_word' id='word_1_223' title='bbox 535 2653 656 2706; x_wconf 85' lang='lat' dir='ltr'>alter</span> <span class='ocrx_word' id='word_1_224' title='bbox 701 2666 751 2706; x_wconf 89' lang='lat' dir='ltr'>et</span> <span class='ocrx_word' id='word_1_225' title='bbox 793 2653 995 2707; x_wconf 87' lang='lat' dir='ltr'>inferior</span> <span class='ocrx_word' id='word_1_226' title='bbox 1043 2673 1166 2708; x_wconf 83' lang='lat' dir='ltr'>vero</span> <span class='ocrx_word' id='word_1_227' title='bbox 1235 2672 1352 2708; x_wconf 92' lang='lat' dir='ltr'>cum</span> <span class='ocrx_word' id='word_1_228' title='bbox 1407 2655 1714 2710; x_wconf 88' lang='lat' dir='ltr'>cholidocho</span> <span class='ocrx_word' id='word_1_229' title='bbox 1757 2657 1905 2711; x_wconf 65' lang='lat' dir='ltr'>ductu</span> <span class='ocrx_word' id='word_1_230' title='bbox 1933 2701 1947 2727; x_wconf 82' lang='lat'>,</span> <span class='ocrx_word' id='word_1_231' title='bbox 1994 2660 2068 2711; x_wconf 86' lang='lat' dir='ltr'>vti</span> <span class='ocrx_word' id='word_1_232' title='bbox 2113 2659 2168 2711; x_wconf 92' lang='lat' dir='ltr'>in</span> <span class='ocrx_word' id='word_1_233' title='bbox 2191 2660 2286 2715; x_wconf 88' lang='lat' dir='ltr'>ho·</span> 
     </span>
     <span class='ocr_line' id='line_1_30' title="bbox 538 2735 2286 2819; baseline 0.006 -29"><span class='ocrx_word' id='word_1_234' title='bbox 538 2739 677 2791; x_wconf 85' lang='lat' dir='ltr'>mine</span> <span class='ocrx_word' id='word_1_235' title='bbox 720 2735 842 2794; x_wconf 90' lang='lat' dir='ltr'>solet</span> <span class='ocrx_word' id='word_1_236' title='bbox 866 2781 881 2811; x_wconf 83' lang='lat'>‚</span> <span class='ocrx_word' id='word_1_237' title='bbox 947 2738 1261 2799; x_wconf 64' lang='lat' dir='ltr'>coniunctim</span> <span class='ocrx_word' id='word_1_238' title='bbox 1318 2739 1609 2799; x_wconf 81' lang='lat' dir='ltr'>duodenum</span> <span class='ocrx_word' id='word_1_239' title='bbox 1673 2740 1958 2799; x_wconf 86' lang='lat' dir='ltr'>intestinum</span> <span class='ocrx_word' id='word_1_240' title='bbox 2011 2744 2286 2819; x_wconf 86' lang='lat' dir='ltr'>pertunde-</span> 
     </span>
     <span class='ocr_line' id='line_1_31' title="bbox 550 2819 651 2877; baseline -0.01 0"><span class='ocrx_word' id='word_1_241' title='bbox 550 2819 651 2877; x_wconf 84' lang='lat' dir='ltr'>bat.</span> 
     </span>
    </p>
   </div>
   <div class='ocr_carea' id='block_1_3' title="bbox 2151 2915 2280 2971">
    <p class='ocr_par' dir='ltr' id='par_1_4' title="bbox 2151 2915 2280 2971">
     <span class='ocr_line' id='line_1_32' title="bbox 2151 2915 2280 2971; baseline -0.008 -1"><span class='ocrx_word' id='word_1_242' title='bbox 2151 2915 2280 2971; x_wconf 85' lang='lat' dir='ltr'>Tab.</span> 
     </span>
    </p>
   </div>
  </div>
 </body>
</html>
