2451 3569
175 253 746 324 FIVNTINCORP.
764 252 882 318 EX
905 253 1080 316 FILO
1103 254 1429 319 FLEXILI
1445 252 1803 320 SVSPENS.
1836 270 1951 329 107

194 417 373 475 chroni
412 414 484 470 est
525 414 741 490 aequalis
790 424 985 488 quartae
1034 414 1165 487 parti
1232 411 1551 486 longitudinis
1616 413 1691 470 fili
1759 415 1961 488 virgam

196 500 550 574 suspendentis.
667 501 826 575 Igitur
890 500 953 554 sic
1007 501 1177 570 virgae
1243 497 1495 571 longiores
1573 498 1925 572 breuioresque
1951 542 1970 570 ‚

197 587 362 642 modo
405 603 474 642 ex
515 587 699 643 eodem
742 586 831 641 filo
874 583 1161 638 breuiffimo
1193 584 1545 657 suspendantur
1569 627 1587 656 ,
1630 586 1680 640 in
1706 582 1807 640 hoc
1829 583 1966 641 oscil-

194 671 444 728 lationum
485 690 669 744 genere
711 668 1004 725 isochronae
1029 670 1153 724 sunt.

354 757 400 823 §.
437 772 530 822 13·
578 757 812 831 Denique
855 757 1012 810 etiam
1072 752 1376 825 exemplum
1420 754 1553 810 dabo
1597 754 1797 830 'virgae
1854 755 1971 813 vni*

195 841 379 900 formis
420 861 489 900 ex
529 844 722 917 punsto
766 842 937 914 aliquo
983 839 1287 893 intermedio
1357 837 1620 910 suspensae.
1711 842 1974 897 Ponamus

198 929 363 1002 itaque
419 929 792 1001 longitudinem
859 927 1035 996 virgae
1078 940 1127 979 m
1150 941 1226 977 z
1255 937 1287 988 3
1318 967 1334 995 ,
1381 935 1719 997 putemusque
1789 927 1970 982 distan-

198 1014 330 1070 tiam
375 1015 554 1085 pumsti
596 1011 914 1084 suspensionis
957 1007 1014 1070 D
1058 1010 1151 1064 vel
1195 1005 1260 1064 C.
1310 1009 1430 1083 (fig.
1461 1021 1517 1075 7.
1545 1024 1598 1065 et
1649 1007 1738 1085 8.)
1783 1026 1813 1064 a
1840 1009 1945 1065 sum
1981 1023 2140 1074 rann.

198 1100 380 1156 mitate
424 1098 694 1170 virgae:
725 1114 750 1149 1
784 1141 799 1168 ,
845 1094 1209 1167 longitudinem
1257 1108 1430 1150 autem
1477 1095 1553 1151 fili
1597 1094 1721 1151 DA
1747 1094 1972 1153 velCA

194 1179 482 1254 expressam
550 1197 643 1255 per
685 1199 718 1238 n
741 1199 818 1237 z
850 1197 929 1255 23
978 1179 1075 1235 hae
1141 1180 1413 1253 politiones
1480 1181 1665 1237 faciunt
1706 1192 1750 1253 g
1773 1198 1849 1235 :t
1875 1192 1895 1249 ξ
1920 1193 1973 1238 et

194 1266 380 1323 Lz2
425 1265 647 1341 hincque
691 1269 752 1325 fit
795 1284 894 1342 pro
935 1265 1320 1324 oscillationibus
1364 1267 1658 1323 tardioribus
1687 1308 1702 1338 ‚
1747 1284 1873 1340 quae
1905 1268 1970 1324 ad

193 1368 419 1409 norman
453 1351 643 1426 figurae
676 1353 918 1428 septimae
984 1353 1311 1425 perficiuntur
1335 1397 1351 1424 ,
1404 1371 1442 1408 α
1469 1370 1545 1408 z
1577 1368 1603 1405 1
1638 1398 1653 1425 ‚
1710 1352 1777 1409 fic
1819 1366 1880 1408 vt
1921 1354 1976 1410 in

194 1436 300 1495 hoc
338 1440 588 1510 exemplo
627 1439 894 1495 summitas
936 1439 1105 1510 virgae
1147 1438 1304 1494 veluti
1345 1439 1632 1495 immobilis
1655 1451 1859 1494 maneat
1882 1454 1979 1494 nec

194 1539 229 1580 a
252 1523 344 1579 fitu
388 1524 545 1579 lineae
590 1526 841 1581 verticalis
881 1525 1114 1592 recedat,
1157 1524 1326 1578 statim
1372 1535 1521 1596 atque
1545 1523 1876 1578 oscillationes
1900 1523 1975 1578 fa·

192 1609 314 1666 ctae
355 1608 463 1663 sunt
505 1610 819 1668 vniformes:
865 1610 958 1666 erit
1003 1619 1178 1664 autem
1221 1608 1490 1681 longitudo
1532 1608 1744 1689 penduli
1784 1607 1978 1681 fimpli-

201 1696 271 1750 cis
311 1692 560 1751 isochroni
603 1696 818 1770 aequalis
859 1695 955 1770 ipsi
978 1694 1273 1767 longitudini
1307 1696 1483 1769 virgae
1506 1736 1522 1765 ‚
1567 1695 1625 1750 id
1664 1694 1734 1749 esi
1758 1738 1773 1766 ,
1797 1694 1981 1760 Iza.

193 1780 281 1838 At
322 1797 447 1836 vero
490 1798 590 1854 pro
631 1783 784 1839 altera
823 1782 1188 1837 oscillationum
1231 1779 1371 1836 clafle
1395 1824 1411 1851 ,
1454 1795 1583 1852 quae
1627 1778 1814 1852 figurae
1837 1778 1978 1835 oCta-

201 1882 303 1922 vae
335 1864 641 1939 respondent
664 1903 680 1936 ,
725 1867 785 1923 fit
827 1886 862 1923 α
884 1884 963 1922 z:
986 1898 1039 1908 —
1072 1883 1098 1920 1
1149 1856 1209 1920 et
1244 1865 1508 1937 longitudo
1530 1865 1734 1937 penduli
1760 1864 1985 1921 isochro·

198 1952 261 2010 ni
304 1951 520 2024 aequalis
562 1953 737 2006 tertiae
780 1953 915 2025 parti
958 1951 1288 2026 longitudinis
1328 1950 1499 2024 virgae
1523 1993 1539 2020 ,
1583 1950 1686 2006 fiue
1727 1949 1841 2005 l:
1873 1967 1925 2004 1.

361 2037 411 2103 ς.
446 2053 540 2104 14.
590 2036 861 2110 Postquam
911 2037 977 2114 fic
1045 2034 1408 2111 generalissime
1453 2035 1558 2092 hoc
1625 2049 1985 2110 argumentum

207 2121 587 2195 expediuimus‚
612 2139 709 2195 pro
731 2123 859 2178 linea
906 2123 1047 2179 rec'ta
1091 2138 1346 2197 vtcunque
1411 2122 1734 2197 inaequaliter
1799 2123 1985 2194 graui,

207 2206 508 2263 facillimum
535 2207 616 2262 est‘
649 2207 950 2264 solutionem
994 2212 1265 2267 extendere
1309 2209 1374 2264 ad
1419 2208 1565 2281 plana
1608 2220 1660 2263 et
1699 2208 1763 2264 ad
1799 2223 1984 2280 corpo-

209 2309 268 2348 ra
331 2293 683 2366 qualiacunque
709 2338 725 2365 ‚
794 2294 907 2349 imo
972 2312 1078 2350 non
1136 2295 1345 2352 difficile
1389 2294 1458 2349 est
1505 2295 1678 2350 videre
1703 2337 1719 2364 ,
1783 2292 1988 2347 solutio-

211 2394 335 2433 nem
381 2394 500 2434 cum
546 2396 604 2434 ea
652 2396 807 2451 quam
856 2381 1090 2436 dedimus
1117 2425 1132 2451 ,
1180 2381 1375 2455 prorfiis
1419 2381 1635 2434 eandem
1680 2377 1816 2432 effe:
1864 2392 1987 2432 cum

216 2465 356 2518 enim
383 2508 398 2535 ‚
441 2476 503 2519 vt
546 2464 649 2520 hoc
693 2465 853 2520 solum
896 2482 1173 2536 moneam,
1220 2466 1547 2522 oscillationes
1590 2464 1785 2518 nostrae
1837 2478 1988 2517 com-

216 2548 406 2621 positae
445 2550 536 2604 fint
580 2566 651 2605 ex
690 2550 875 2605 duabus
920 2549 1285 2607 oscillationum
1355 2550 1664 2623 simplicium
1732 2547 1948 2603 classibus
1973 2591 1990 2618 ,

215 2633 463 2687 nimirum
504 2633 581 2689 fili
647 2636 776 2691 circa
817 2637 1067 2709 punitum
1114 2637 1166 2692 A
1213 2652 1266 2693 et
1309 2639 1483 2710 virgae
1546 2638 1672 2692 circa
1738 2634 1988 2708 ptinetum

221 2716 281 2774 D
309 2761 323 2787 ,
369 2716 680 2789 perspicuum
729 2722 798 2777 est
824 2765 839 2791 ,
883 2736 1115 2778 neutram
1161 2724 1388 2795 mutari,
1433 2722 1471 2779 fi
1513 2721 1632 2778 loco
1675 2722 1849 2793 virgae
1896 2717 1989 2772 filo

221 2803 277 2858 in
324 2801 383 2858 D
425 2805 734 2875 appendatur
801 2808 1010 2878 planum
1056 2809 1142 2864 vel
1199 2826 1380 2884 corpus
1444 2809 1770 2881 quodcunque
1797 2848 1811 2873 ,
1854 2803 1992 2857 cuius

221 2899 331 2946 tam
375 2901 604 2948 centrum
646 2891 936 2966 grauitati5‚
977 2908 1131 2963 quam
1175 2909 1410 2956 centrum
1454 2890 1766 2953 osculationis
1790 2933 1806 2962 ‚
1829 2903 1990 2962 quum

986 2975 1040 3034 Ο
1084 2991 1119 3029 2
1859 2987 1992 3052 pun}

1747 3127 1785 3142 On·
