2451 3569
494 244 892 313 102COMM.
926 240 1331 302 DEOSCILL.
1350 241 1581 299 COMP.
1612 240 1873 300 PRAES.
1902 228 2252 316 HS,QVAE

484 417 589 477 lem
633 371 841 472 exercet
897 407 1211 465 indicandam
1256 422 1347 478 per
1387 382 1503 476 -ἕὲι
1551 408 1686 460 vnde
1730 408 1764 462 fi
1808 408 1962 462 cuiuis
2007 404 2258 460 elemento

486 506 588 561 00
635 503 868 576 potentia
912 494 1156 551 contraria
1202 491 1505 564 intelligatur
1543 491 1792 564 applicata
1819 536 1834 561 ,
1874 510 1999 565 quae
2045 494 2102 547 sit
2178 505 2257 542 :2

488 579 567 672 ³533
592 644 605 670 ‚
652 612 823 653 totum
869 595 915 661 ί)
922 593 1078 645 stema
1126 589 1177 641 in
1220 589 1558 659 aequilibrio,
1619 588 1683 641 ad
1728 588 1860 657 quod
1928 591 1978 642 in
2024 588 2116 643 fitu
2168 601 2259 639 ex-

488 696 656 740 tremo
697 683 758 735 ad
784 687 1114 733 momentum
1160 674 1410 743 temporis
1453 674 1718 728 reduc‘tum
1760 670 1894 726 fuisse
1935 671 2119 728 censeri
2165 687 2258 745 po

485 771 577 824 test
618 760 713 835 (§.
746 769 801 816 6.
834 761 850 837 )
898 774 1146 834 perpetuo
1189 757 1474 812 seruabitur.

644 854 689 920 §.
749 861 800 907 8.
843 845 896 904 Si
940 848 1044 901 iam
1090 844 1295 899 ducatur
1339 842 1668 898 horizontalis
1735 841 1787 897 O
1812 844 1862 898 R
1889 886 1905 912 ‚
1977 858 2106 915 quae
2172 860 2266 898 ex·

482 950 680 1023 primat
723 944 997 1019 praelhtam
1041 940 1328 1013 potentiam
1385 938 1756 995 horizontalem
1813 918 1889 973 ’ἓξ
1948 939 2266 994 elementum

1840 986 1863 1010 α

491 1034 544 1090 Ο
568 1052 594 1090 o
636 1034 699 1088 ab
765 1030 817 1086 O
861 1027 1026 1083 versus
1068 1028 1121 1084 R
1168 1026 1452 1080 trahentem
1482 1068 1496 1095 ‚
1544 1036 1750 1098 oportet
1796 1037 1853 1079 vt
1898 1041 2081 1078 omnes
2150 1025 2267 1080 istae

490 1121 751 1194 potentiie
798 1115 1002 1186 systema
1043 1115 1094 1167 in
1138 1112 1427 1185 aequilibrio
1482 1110 1709 1166 seruent:
1777 1112 1963 1165 exinde
2032 1125 2124 1181 per
2188 1126 2271 1164 re-

490 1205 628 1279 gulas
673 1205 868 1258 staticae
905 1200 1205 1254 concludere
1248 1199 1363 1252 licet
1401 1240 1415 1265 ‚
1478 1199 1637 1269 primo
1705 1195 1961 1251 summam
2029 1196 2268 1250 omnium

492 1290 837 1364 Ροιειιιίιιιιιιι
880 1301 1085 1355 virgam
1129 1285 1185 1337 in
1233 1283 1320 1336 situ
1363 1280 1422 1335 D
1448 1278 1499 1334 G
1542 1282 1871 1336 detinentium
1927 1297 2184 1353 eamque,
2210 1295 2272 1333 ne

491 1377 556 1431 ad
601 1372 899 1429 verticulum
941 1370 1139 1422 accedat
1179 1365 1570 1439 impedientium
1615 1365 1710 1419 effe
1755 1365 2016 1438 aequalem
2041 1365 2272 1420 summae

497 1461 736 1516 omnium
782 1457 1126 1530 potentiarum
1193 1450 1595 1506 horizontalium
1660 1451 2028 1505 contrariarum
2065 1493 2080 1520 ‚
2146 1465 2272 1521 quae

496 1561 686 1617 nempe
726 1563 755 1598 ιι
798 1540 1041 1613 grauitate
1087 1540 1256 1608 virgae
1300 1536 1542 1589 oriuntur.
1632 1534 1852 1591 Secundo
1895 1536 1932 1590 fi
1989 1534 2274 1590 confidere-

496 1642 578 1684 tur
621 1630 760 1700 virga
804 1626 862 1682 D
887 1620 938 1679 G
984 1638 1220 1694 tanquam
1264 1621 1425 1675 vectis
1468 1619 1673 1675 mobilis
1713 1622 1840 1675 circa
1885 1619 2130 1692 punitum
2176 1617 2274 1691 D,

496 1715 708 1770 vectem
753 1712 885 1767 hunc
930 1710 1214 1762 etiamnum
1259 1706 1312 1758 in
1356 1707 1480 1759 statu
1526 1705 1704 1777 quietis
1744 1717 1793 1759 et
1838 1703 2112 1777 aequilibrii
2155 1663 2277 1775 per:

496 1798 802 1856 mansurum.
892 1792 1038 1850 Hisce
1083 1792 1233 1865 igitur
1276 1788 1469 1847 duobus
1517 1789 1752 1863 requisitis
1820 1790 1916 1845 erit
1981 1788 2277 1850 satisfacien-

497 1886 643 1941 dum.
2245 1873 2250 1877 ’

661 1969 706 2034 ξ.
757 1984 814 2034 9.
860 1961 1160 2020 Conditioni
1192 1963 1392 2034 primae
1449 1960 1519 2014 ita
1584 1958 1943 2017 lhtisfiiciemus.
2058 1955 2278 2016 Summ³a

499 2056 738 2126 omnium
786 2052 1127 2123 potentiarum
1183 2047 1235 2103 Ο
1282 2049 1331 2105 R
1403 2045 1663 2101 elementis
1741 2046 1794 2102 Ο
1818 2064 1846 2102 0
1909 2045 2279 2119 applicatarum

504 2149 668 2204 est..
598 2128 851 2222 ‘sm—‘⁶⁶‘
841 2148 982 2220 ‚sed
1023 2159 1219 2219 praeter
1261 2144 1392 2199 hanc
1438 2142 1778 2215 potentiarum
1820 2141 2023 2197 classem
2067 2141 2165 2196 alia
2190 2137 2280 2196 ad-

503 2234 602 2290 huc
645 2235 879 2308 potentia
921 2234 993 2287 est
1033 2231 1384 2288 consideranda
1428 2228 1491 2282 ab
1533 2227 1734 2300 obliqua
1787 2226 1862 2282 fili
1917 2227 2119 2282 actione
2177 2227 2284 2287 ori·

505 2321 678 2391 unda,
722 2320 942 2374 tenditur
985 2319 1126 2374 enim
1169 2317 1317 2372 filum
1363 2316 1414 2372 A
1449 2313 1506 2369 D
1563 2333 1593 2368 ιι
1647 2325 1761 2368 toto
1814 2315 1987 2387 virgae
2052 2312 2281 2384 pondere

508 2404 572 2461 M
621 2403 763 2480 (quia
809 2405 1122 2461 excursiones
1163 2403 1342 2476 virgae
1395 2400 1649 2456 censentur
1703 2398 1900 2454 infinite
1954 2394 2179 2470 paruae)
2226 2406 2283 2449 et

510 2504 721 2562 propter
765 2490 840 2546 fili
884 2491 1195 2546 reaffionem
1244 2489 1490 2563 punctum
1538 2484 1596 2540 D
1640 2484 1849 2538 trahitur
1894 2483 2039 2539 simul
2092 2483 2146 2537 in
2204 2481 2280 2534 di-

510 2576 735 2630 rectione
777 2575 835 2630 D
859 2576 913 2630 A
961 2577 1070 2649 pari
1114 2577 1344 2669 potentin
1389 2573 1492 2642 M,
1537 2569 1672 2623 vnde
1716 2567 1929 2641 sequitur
1972 2584 2040 2623 ex
2098 2564 2282 2622 resolu-

507 2661 646 2715 tione
691 2662 1030 2733 potentiarum
1075 2661 1279 2726 virgam
1327 2660 1380 2712 in
1425 2656 1615 2730 punc‘to
1682 2652 1740 2709 D
1801 2652 2081 2710 extrorsum
2146 2649 2282 2706 trahi

512 2759 743 2834 potentia
783 2774 910 2830 quae
954 2756 1137 2811 est—
1070 2802 1136 2810 ,-
1167 2739 1237 2827 ἒξ
1275 2778 1299 2805 κ
1349 2753 1535 2809 M—
1458 2797 1532 2807 ...
1597 2732 1781 2833 ξῑῖζξὲ)
1813 2774 1840 2804 κ
1876 2750 1961 2807 Μ.
2029 2748 2121 2805 Est
2184 2748 2281 2802 ita-

513 2862 609 2923 que
651 2843 849 2901 summa
892 2844 1135 2925 omnium
1181 2855 1234 2897 et
1272 2840 1579 2915 singularum
1639 2840 1978 2914 potentiarum
2030 2833 2282 2892 horizon·

2097 2919 2278 2975 talium
