2451 3569
197 208 307 269 DE
351 197 765 269 DECLINAT.
809 201 1060 266 SIDER.
1117 203 1677 272 DETERMHJAT.
1717 212 1959 291 &⁶²:333

354 365 443 418 Ex
487 359 915 416 obseruationibus
939 355 1068 417 Solis
1110 364 1397 419 meridianis
1440 383 1602 441 prope
1626 369 1825 426 solstitia
1864 370 1965 427 hoc

198 448 526 507 instrumento
570 450 865 520 peragendis
890 491 905 517 ‚
962 449 1313 520 inuestigentur
1370 453 1550 522 pundta
1605 456 1860 511 diuisionis
1911 459 1961 512 iu

196 536 360 593 limbo
404 533 723 588 instrumenti
748 576 763 601 ,
806 533 980 605 quibus
1023 534 1302 589 altitudines
1348 540 1506 592 centri
1553 535 1684 594 Solis
1739 540 1961 596 solstitia-

196 621 309 691 leS,
356 622 588 675 maxima
632 619 812 673 aestate
857 632 909 673 et
953 620 1171 674 minima
1215 619 1407 690 hyeme
1452 624 1768 697 respondent.
1873 626 1962 681 In-

201 706 468 762 teruallum
516 709 646 761 inter
686 703 813 760 haec
847 705 1032 778 pune'ta
1079 702 1131 760 in
1156 705 1320 762 limbo
1360 708 1670 765 instrumenti
1726 710 1963 767 definitu-

197 808 318 846 rum
362 792 483 846 estet
526 790 810 847 distantiam
853 793 1212 864 tropicorum3
1259 793 1507 865 punCtum
1554 813 1680 850 vero
1733 799 1966 852 medium

200 876 347 932 huius
386 877 627 932 interualli
669 877 841 931 locum
887 878 1167 949 aequatoris
1208 876 1263 930 in
1308 878 1633 934 instrumento
1666 925 1679 951 ,
1721 883 1760 955 si
1817 882 1967 937 refra-

201 963 314 1018 ἂίο
367 962 702 1018 altitudinibus
754 960 984 1032 syderum
1042 962 1237 1018 nullam
1284 966 1626 1036 mutationem
1690 960 1971 1023 induceret.

201 1050 498 1105 Accedente
540 1041 839 1103 refractione
865 1092 880 1118 ,
927 1047 1199 1103 differentia
1252 1049 1384 1107 inter
1435 1053 1791 1123 refi‘atstiones,
1833 1062 1971 1126 ‘quae

198 1135 538 1190 altitudinibus
561 1131 690 1189 Solis
735 1131 1067 1188 solstitialibus
1091 1132 1109 1201 ,‘
1154 1133 1365 1188 aestiuae
1408 1149 1462 1188 et
1517 1123 1768 1207 brumali,
1826 1152 1974 1193 com-

201 1222 386 1294 petunt
411 1263 426 1291 ‚
473 1219 614 1274 dicto
657 1218 910 1272 interuallo
954 1218 1070 1272 addi
1115 1217 1265 1272 debet
1290 1263 1306 1289 ,
1349 1232 1408 1274 vt
1460 1220 1687 1276 distantia
1741 1224 1973 1296 tropico-

205 1323 324 1361 rum
365 1322 489 1358 vera
532 1302 764 1376 prodeat.
855 1302 1014 1358 Huius
1054 1304 1328 1359 dimidium
1369 1305 1721 1379 obliquitatem
1778 1310 1971 1382 eclipti-

205 1408 295 1445 cae
337 1389 588 1459 exhibet,
630 1405 752 1460 quae
778 1432 793 1457 ,
838 1388 876 1443 fi
919 1390 982 1443 ab
1028 1390 1289 1444 altitudine
1334 1388 1461 1446 Solis
1506 1392 1735 1449 solstitiali
1791 1396 1973 1450 aestiua

205 1493 299 1548 per
344 1473 693 1529 refraetionem
742 1476 1130 1530 conuenientem
1176 1477 1402 1535 corresta'
1447 1478 1660 1534 aufertur
1686 1523 1701 1549 ,
1747 1482 1800 1534 in
1853 1481 1973 1535 lim-

207 1561 277 1613 bo
319 1559 640 1615 instrumenti
684 1561 932 1633 punc‘tum
980 1559 1300 1632 manifestat,
1348 1564 1487 1636 quod
1544 1566 1802 1637 aequatori
1855 1582 1976 1621 coe-

207 1643 316 1700 lesti
361 1645 647 1718 respondet.
735 1644 851 1701 Iam
895 1647 931 1703 fi
987 1649 1041 1702 in
1106 1648 1303 1702 transitu
1370 1650 1572 1706 alicuius
1636 1650 1820 1721 syderis
1887 1668 1975 1725 per

206 1731 545 1787 meridianum
571 1776 586 1801 ,
633 1732 859 1788 distantia
901 1734 1001 1788 eius
1041 1733 1104 1788 ab
1147 1732 1249 1788 hoc
1293 1735 1488 1808 puntsto
1544 1734 1826 1792 obseruetur
1852 1779 1866 1805 ,
1909 1738 1980 1793 ei-

212 1832 308 1888 que
350 1817 582 1873 refradtio
607 1860 621 1887 ‚
662 1834 790 1889 quae
843 1818 1090 1874 altitudini
1152 1817 1334 1888 syderis
1389 1820 1652 1877 obseruari
1695 1824 1935 1878 conuenit
1960 1868 1977 1895 ,

210 1901 487 1973 applicetur
511 1947 526 1974 ‚
565 1903 797 1957 addendo
821 1947 836 1974 ‚
879 1905 913 1959 fi
957 1895 1230 1959 declinatio
1268 1905 1450 1976 syderis
1493 1907 1552 1962 fit
1576 1907 1791 1963 australis
1815 1953 1829 1978 ,
1870 1908 1981 1965 sub-

212 1988 462 2045 trahendo
488 2032 503 2059 ,
549 1989 587 2044 si
639 1988 899 2065 borealis;
956 1989 1221 2047 habebitur
1278 2009 1398 2048 vera
1453 1992 1635 2065 syderis
1691 1994 1977 2051 declinatio,

369 2118 584 2174 Videtur
627 2119 834 2192 quidem
880 2120 1007 2177 haec
1074 2120 1345 2178 methodus
1399 2124 1646 2196 requirere
1701 2122 1981 2179 altitudines

216 2201 446 2272 syderum
489 2206 717 2277 cognitas
740 2251 755 2278 ‚
810 2208 1033 2282 adeoque
1088 2209 1392 2280 positionem
1451 2209 1766 2264 instrumenti
1819 2208 1981 2281 respe-

218 2289 305 2343 stu
347 2290 622 2344 horizontis
664 2294 924 2364 cognitam
952 2337 968 2365 ‚
1015 2305 1075 2347 vt
1119 2310 1188 2347 ex
1230 2294 1567 2355 altitudinibus
1599 2293 1831 2349 restac'tio
1854 2311 1980 2349 con-

220 2377 424 2430 ueniens
468 2377 681 2430 inueniri
722 2375 917 2452 poffit'3
961 2379 1095 2451 quod
1135 2380 1295 2443 etiam,
1331 2397 1514 2435 verum
1561 2380 1629 2434 est
1671 2380 1734 2435 de
1794 2380 1982 2449 syderi-

216 2458 313 2515 bus
351 2479 509 2534 prope
549 2462 876 2519 horizontem
924 2465 1257 2520 meridianum
1314 2465 1668 2520 traiicientibus
1693 2509 1707 2533 ‚
1765 2466 1852 2519 vbi
1908 2482 1983 2519 re-

217 2545 398 2600 frastio
444 2548 504 2601 ad
546 2548 786 2620 exiguam
830 2551 1098 2605 altitudinis
1142 2552 1482 2607 mutationem
1528 2550 1808 2605 sensibiliter
1852 2554 1983 2606 vari·

220 2640 347 2685 atur.
438 2631 534 2685 Ast
575 2635 659 2687 vbi
701 2634 871 2703 sydera
917 2637 1044 2692 vltra
1110 2653 1200 2689 10.
1258 2637 1343 2692 vel
1406 2654 1498 2689 12.
1560 2637 1733 2708 gradus
1797 2635 1984 2713 eleuata

224 2717 561 2771 meridianum
608 2718 890 2790 transeunt,
934 2722 988 2775 in
1029 2724 1302 2796 quantitate
1327 2723 1636 2778 refractionis
1663 2738 1837 2793 parum
1866 2738 1986 2792 pec·

221 2803 413 2859 cabitur
453 2802 645 2857 etiamsi
687 2803 896 2864 altitudo
938 2806 1118 2879 syderis
1170 2809 1245 2862 ad‘
1299 2806 1493 2883 aliquot
1545 2808 1739 2866 minuta
1803 2806 1988 2862 incerta

309 2889 455 2947 Tom.
499 2885 642 2950 XII.
1151 2891 1208 2954 Y
1248 2909 1283 2965 y
1905 2893 1984 2964 fit,
