2451 3569
644 142 749 162 7!

452 228 559 337 m
597 224 1011 335 mmm
1060 268 1623 341 CVRVILINEVM
1820 300 1941 361 247

173 427 370 485 videtur
411 425 579 483 Arabs
602 471 617 499 ,
663 428 797 501 quod
820 440 1196 503 -argumentum
1279 431 1542 506 Euclidis‚
1590 438 1755 496 modo
1821 441 1945 499 alla.

171 527 326 585 tum,
370 529 490 568 cum
541 515 715 568 ceteris
767 532 835 570 ex
878 531 944 568 eo
987 516 1274 589 decerptiS,
1317 536 1420 574 non
1487 520 1681 580 aflerat.
1791 527 1941 582 Alte.-

168 617 283 657 rum
328 597 429 653 eius
472 614 826 671 argumentum
870 601 1280 674 metaphyficum
1332 605 1436 673 effe
1505 608 1667 665 videri
1731 613 1942 686 potest,

165 686 290 741 dum
332 683 536 755 censet,
580 685 769 741 nullum
815 687 1105 760 digniorem
1150 690 1366 764 imagini
1409 692 1583 749 locum
1629 696 1780 752 tribui
1823 699 1941 772 pos-

165 769 254 844 se,
298 787 453 844 quam
498 772 562 827 ab
605 771 718 846 ipso
759 772 1098 847 affignatnm3
1146 789 1298 849 atque
1346 778 1409 833 fic
1463 779 1765 851 dignitatem
1824 785 1944 842 situs

163 859 532 931 perpendiculo
596 860 824 914 metitur.
926 857 1245 916 Alhazenmn
1301 863 1465 935 presto
1531 867 1661 937 pede
1728 868 1944 942 seqnitur

163 943 221 1000 V
221 942 387 1011 ztello
432 946 540 1014 ita,
595 957 655 998 vt
699 944 825 999 alter
873 946 1040 1019 priori
1096 949 1253 1003 etiam
1318 948 1403 1005 hic
1432 990 1448 1020 ,
1517 952 1593 1007 vti
1651 953 1704 1008 in
1768 958 1945 1012 ceteris

163 1046 386 1104 quoque,
412 1028 471 1084 fit
515 1028 818 1086 simillimus.

313 1116 357 1182 ς,
387 1118 445 1169 6.
471 1116 658 1171 Afferti
682 1116 780 1171 falfi
803 1115 967 1172 ¹idhuc
992 1068 1397 1175 emendatiorem
1422 1120 1559 1179 dedit
1574 1124 1938 1197 probationem

158 1200 484 1276 Tacquetus‚
527 1202 841 1274 catoptricae
898 1202 985 1258 lib
1044 1221 1095 1259 1·.
1142 1223 1295 1279 prop.
1349 1223 1445 1260 22.
1495 1210 1630 1264 male
1665 1225 1837 1266 tamen
1862 1215 1942 1270 id

154 1288 294 1343 circo
348 1287 572 1343 laudatus
625 1304 655 1342 a
710 1287 917 1344 Clarkio
987 1289 1039 1343 in
1094 1293 1229 1346 notis
1282 1293 1342 1348 ad
1398 1292 1615 1354 Rohalti
1671 1298 1937 1372 physicam

151 1386 300 1447 parte
349 1392 400 1427 1.
449 1390 563 1445 cap.
616 1387 713 1441 34.
763 1374 808 1440 §-
863 1382 958 1431 18.
1004 1377 1134 1448 quali
1177 1378 1314 1432 reste
1354 1381 1677 1453 propositum
1721 1385 1938 1440 demon-

152 1459 342 1514 straffet
384 1457 544 1514 sunm.
635 1458 685 1513 Is
742 1458 974 1513 adhibito
1029 1462 1214 1516 eodem
1285 1464 1471 1519 bacillo
1540 1471 1939 1540 perpendiculari

152 1545 217 1600 ad
262 1543 516 1617 speculum
564 1541 611 1597 Β
655 1543 752 1615 Ι),
797 1544 878 1600 sed
925 1546 1112 1601 omifl‘o
1156 1547 1299 1619 signo
1346 1549 1400 1603 A
1426 1590 1440 1615 ‚
1490 1556 1800 1623 experientia
1844 1574 1941 1612 nos

153 1629 360 1685 edoceri
402 1629 555 1703 ponit
580 1674 594 1700 ‚
641 1630 928 1703 imaginem
975 1629 1116 1686 huius
1158 1632 1321 1687 bacilli
1375 1633 1476 1690 Bd
1512 1636 1609 1691 effe
1666 1641 1717 1694 in
1772 1641 1938 1698 direc-

150 1727 264 1772 tum
290 1734 411 1772 cum
456 1715 641 1771 bacillo
663 1715 790 1789 ipso.
883 1716 1004 1772 Hoc
1027 1719 1469 1792 experimentum,
1495 1722 1720 1796 adiungit
1742 1743 1934 1799 porro,

150 1801 240 1856 vel
285 1803 473 1857 centies
515 1801 577 1856 ab
623 1800 733 1874 ipso
775 1801 912 1857 fuifle
953 1802 1318 1877 exploratum,
1364 1818 1510 1881 atque
1554 1823 1684 1878 eOS,
1690 1814 1809 1884 qui
1847 1830 1934 1868 ne-

147 1896 271 1960 gant
326 1886 427 1942 hoc
493 1885 927 1959 phaenomenon‚
985 1891 1401 1961 experimentum
1471 1892 1631 1948 fecifie
1685 1910 1770 1951 aut
1813 1897 1937 1954 osci-

150 1983 352 2042 tanter,
395 1983 479 2027 aut
520 1972 802 2045 imperite,
857 1972 983 2028 dum
1046 1990 1242 2047 nempe
1309 1976 1494 2047 stylum
1564 1978 1763 2053 speculo
1825 2001 1934 2040 non

146 2057 332 2116 exaste
382 2058 448 2114 ad
506 2058 717 2131 angulos
783 2058 954 2114 rectos
1020 2060 1404 2137 imposuerint;
1475 2064 1675 2121 causam
1736 2087 1934 2142 qnoque

144 2144 495 2220 phaenomeni
537 2146 592 2199 in
636 2161 704 2199 eo
747 2145 892 2202 sitam
952 2144 1049 2200 effe
1106 2148 1180 2203 ait
1206 2190 1223 2220 ,
1279 2151 1414 2222 quod
1444 2195 1460 2222 ‚
1501 2168 1621 2208 cum
1664 2158 1935 2229 perpendi-

145 2230 329 2286 cularis
371 2229 517 2299 stylus
559 2229 782 2303 nuspiam
829 2231 1098 2288 inclinetur
1122 2279 1137 2305 ‚
1182 2234 1316 2291 nulla
1371 2237 1533 2293 etiam
1566 2240 1727 2295 'ratio
1769 2242 1932 2316 adsit,

143 2333 232 2372 cur
274 2317 456 2390 imago
496 2316 548 2370 in
591 2316 752 2373 vllam
798 2331 1002 2392 partem
1045 2320 1207 2391 magis
1231 2365 1246 2392 ,
1290 2339 1446 2395 quam
1488 2325 1542 2378 in
1588 2326 1740 2381 aliam
1786 2328 1932 2384 incli-

144 2413 276 2476 net·⁷
319 2420 374 2458 ac
419 2403 636 2475 proinde
681 2405 869 2459 necesse
913 2406 1010 2458 effe
1037 2446 1052 2473 ‚
1097 2418 1156 2459 vt
1199 2422 1259 2460 ea
1302 2425 1461 2464 vnam
1509 2427 1630 2465 cum
1674 2413 1760 2466 suo
1803 2430 1930 2487 pro-

146 2489 335 2561 totypo
390 2489 575 2544 lineam
632 2490 828 2549 restam
886 2489 1090 2545 efficiat.
1184 2491 1298 2548 Hoc
1354 2496 1535 2550 eodem
1593 2509 1805 2571 vtroque
1848 2519 1930 2556 ar-

142 2585 392 2648 gumento
435 2576 658 2631 nituntur
712 2594 912 2651 quoqne
967 2576 1130 2633 adhuc
1185 2595 1368 2636 omnes
1421 2581 1494 2637 illi
1548 2586 1927 2658 recentiorum,

139 2662 228 2734 qui
276 2661 493 2717 eandem
546 2662 838 2719 sententiam
896 2663 1141 2738 hucusque
1198 2681 1583 2741 propagarunt·
1633 2668 1712 2725 sed
1759 2685 1812 2726 et
1855 2673 1925 2728 ob

141 2746 305 2844 ipsum
352 2747 487 2802 hunc
529 2763 746 2802 errorem
791 2750 1059 2805 admissum
1104 2766 1357 2823 coguntur
1398 2772 1516 2815 cum
1567 2753 1820 2829 Tacqueto
1851 2757 1924 2812 fa-

139 2833 233 2891 teri
260 2878 275 2904 ,
316 2833 488 2889 locum
537 2832 665 2888 hanc
710 2832 1001 2889 sententiam
1049 2853 1152 2890 non
1196 2838 1383 2894 habere
1427 2842 1479 2893 in
1507 2840 1707 2911 speculis
1757 2844 1916 2912 cauis,

136 2921 218 2980 sed
262 2921 530 2979 veritatem
586 2918 744 2979 asserti
795 2933 1028 2979 veterum
1098 2921 1314 2981 deficere
1357 2943 1387 2981 a
1441 2925 1818 3000 phaenomenis
1863 2931 1917 2982 in

1808 3014 1917 3072 casu
