2451 3569
435 239 567 319 330
849 243 962 304 DE
1005 233 1167 302 ΡΗΑ
1179 231 1591 302 ENOMENIS
1636 233 1941 301 PLVMBI

438 421 567 464 rere.
656 399 906 460 Immerso
951 402 1073 458 tubo
1117 400 1337 475 capillati
1379 400 1452 454 in·
1480 397 1754 472 plumbum
1791 398 1952 455 fusum
1979 441 1995 470 ,
2046 391 2233 470 cylin23.1

438 492 555 547 drus
597 489 799 564 plumbi
845 488 976 544 istius
1019 489 1073 542 in
1118 487 1230 542 vase
1297 484 1511 558 aequalis
1581 481 1690 539 DC
1749 485 1972 539 innititur
2025 482 2228 557 impel.·‘⁴

439 576 545 634 lere
589 576 862 650 plumbum
907 576 1033 628 intra
1094 571 1276 636 tubum
1333 572 1399 625 ad
1439 568 1658 626 libellam
1702 583 1858 639 vsque
1883 609 1900 635 ,
1957 585 2110 640 quem
2155 585 2214 623 e·

441 662 574 718 tiam
620 661 823 715 adiuuat
862 655 1097 713 cohaesio
1136 671 1259 710 cum
1302 656 1484 726 vitro;
1543 653 1642 711 hoc
1685 652 1722 709 fi
1765 652 1910 707 fieret
1933 693 1950 722 ,
1994 654 2211 723 particu-

445 746 518 802 las
562 746 690 800 intra
733 744 916 799 tubum
988 740 1252 798 ascensuras
1316 757 1348 796 a
1405 739 1618 795 metallo
1669 739 1722 793 in
1767 735 1878 807 vale
1932 749 2215 811 contente,

449 828 599 912 quod
605 846 635 887 a
676 829 911 913 lateribus
951 828 1296 908 contingunt,
1338 826 1570 883 recedere
1611 813 1914 898 oporteret,
1945 822 2090 894 quod
2129 838 2222 897 au-

452 927 608 987 tem,
652 932 756 989 quo
800 916 967 971 minus
1020 912 1151 984 fiat,
1206 910 1456 985 impedire
1505 923 1714 966 conatur
1769 905 2004 978 attractio
2047 892 2231 984 mutui

451 1001 811 1077 particularum
857 991 1073 1073 plumbi.
1160 993 1298 1062 Cum
1344 997 1514 1068 itaque
1568 993 1838 1066 plumbum
1885 994 1938 1048 in
1983 991 2108 1047 tubo
2139 1010 2225 1050 ca-

454 1086 620 1162 pillati
662 1087 727 1144 ad
771 1086 1092 1141 altitudinem
1133 1082 1351 1154 aliquam
1394 1077 1502 1136 DC
1545 1077 1667 1135 infra
1711 1079 1938 1134 libellam
1979 1075 2225 1158 subsistat,

455 1172 692 1228 attractio
736 1183 913 1224 mutua
959 1161 1319 1240 particularum
1376 1164 1579 1235 plumbi
1629 1163 1842 1236 aequalis
1892 1160 1961 1218 est
2001 1148 2234 1238 ponderi

456 1254 651 1311 metalli
717 1250 836 1310 DC
904 1264 961 1308 et
1025 1249 1308 1307 cohaesioni
1353 1264 1473 1303 cum
1518 1249 1693 1316 vitm,
1755 1263 1880 1326 ergo
1922 1248 2011 1302 ista
2054 1240 2240 1308 multo*

457 1340 646 1396 maior.
734 1339 876 1396 Addi
919 1334 1121 1412 insuper
1162 1333 1331 1408 potest
1371 1330 1649 1405 superficies
1689 1328 1949 1405 supremas
1982 1332 2226 1388 omnium

452 1425 718 1498 liquorum
761 1427 814 1481 in
857 1425 987 1481 tubis
1030 1419 1345 1495 capillaribus
1396 1416 1537 1492 supra
1579 1414 1805 1471 libellam
1858 1412 2230 1498 ascendentium

456 1507 564 1567 effe
606 1527 887 1582 concauaS‚
932 1508 1130 1583 plumbi
1174 1517 1347 1562 autem
1388 1515 1440 1559 et
1482 1502 1676 1577 argenti
1717 1500 1825 1557 viui
1848 1510 2079 1577 ‚vtpote
2103 1515 2230 1574 quae

457 1595 586 1655 infra
629 1596 857 1653 libellam
899 1593 1189 1661 subsistunt,
1229 1606 1503 1647 connexas,
1632 1642 1637 1646 1
2237 1599 2240 1602 ⁴

625 1680 770 1739 Haec
812 1696 936 1736 cum
980 1680 1051 1734 ita
1091 1635 1204 1746 fint’,
1246 1692 1374 1732 rneo
1413 1670 1618 1750 quidem
1642 1673 1828 1731 iudicio
1848 1671 2004 1730 causta
2038 1673 2235 1747 praeci-

454 1783 554 1842 pua
596 1766 795 1840 plumbi
840 1767 893 1821 in
934 1765 1063 1821 tubo
1105 1761 1328 1835 capillati
1382 1761 1511 1817 insta
1544 1759 1770 1831 libellam
1799 1757 2101 1826 subsistentis
2142 1760 2236 1817 lita

456 1852 530 1909 est
568 1854 622 1909 in
666 1851 963 1910 attractione
1008 1861 1183 1905 mutua
1227 1847 1579 1921 particularum
1625 1845 1841 1921 plumbi.
2047 1891 2052 1896 .
2235 1893 2241 1898 .

616 1936 1004 2012 Experimentis
1044 1934 1282 1989 certiores
1323 1932 1442 1989 fasti
1485 1931 1650 1988 sumus
1678 1974 1695 2004 ‚
1737 1931 2016 1989 altitudines
2057 1929 2230 2006 plum-

456 2023 509 2081 bi
532 2022 630 2080 esse
656 2024 707 2078 in
733 2024 927 2079 ratione
951 2021 1208 2093 reciproca
1231 2018 1610 2075 diametrorum.
1697 2014 1851 2075 Nunc
1874 2030 2042 2075 autem
2063 2017 2229 2088 ostenf

452 2109 576 2166 dere
617 2109 845 2165 conabor
861 2151 876 2179 ,
919 2105 1256 2179 quamobrem
1303 2103 1403 2159 hoc
1424 2104 1492 2159 ita
1536 2102 1647 2160 fieri
1686 2103 1896 2173 debeat.
1947 2154 1949 2156 .
2211 2149 2215 2154 .

615 2193 875 2250 Attrastio
921 2204 1094 2248 mutua
1135 2189 1493 2264 particularum
1537 2188 1738 2262 plumbi
1776 2202 1830 2244 et
1872 2187 2109 2246 cohaefio
2149 2186 2243 2261 ipa.

458 2281 550 2338 sius
602 2297 725 2337 cum
781 2280 919 2335 vitro
975 2294 1075 2352 pro
1125 2291 1475 2350 vnoquoque
1490 2274 1615 2339 tubo
1666 2274 1888 2348 capillati
1941 2274 2014 2331 est
2064 2274 2228 2328 deter

462 2367 702 2423 minanda
745 2381 812 2421 ex
853 2364 962 2419 tubi
1003 2360 1321 2438 peripheria,
1342 2360 1487 2432 seu,
1530 2361 1666 2433 quod
1709 2361 1851 2416 idem
1890 2357 1998 2430 est,
2014 2373 2111 2413 ex
2149 2358 2232 2435 ipe

461 2451 554 2508 sius
597 2453 864 2507 diametro.
950 2450 1074 2526 Quo
1117 2448 1289 2504 maior
1330 2448 1472 2503 enim
1517 2446 1590 2501 est
1630 2433 1961 2520 peripheria,
2019 2457 2086 2496 eo
2119 2432 2233 2516 plu-

466 2554 544 2592 res
578 2536 857 2608 particulae
898 2553 925 2590 a
965 2535 1154 2607 reliqua
1199 2532 1397 2605 plumbi
1442 2530 1597 2599 massa
1640 2531 1867 2586 recedere
1913 2526 2109 2615 necesse
2141 2524 2234 2587 ha-

466 2622 624 2691 benc,
668 2633 722 2676 et
763 2636 829 2674 eo
872 2621 1035 2675 maior
1078 2618 1140 2673 fit
1178 2615 1410 2672 cohaesio
1452 2605 1652 2686 plumbi
1690 2632 1809 2670 cum
1849 2614 1999 2672 vitro.

626 2702 703 2762 Sit
747 2705 914 2776 itaque
955 2703 1046 2776 fig.
1079 2715 1135 2767 3.
1179 2700 1323 2755 tubus
1363 2698 1484 2755 AD
1499 2697 1601 2754 CB
1644 2700 1744 2755 eius
1782 2700 2121 2756 diameter:
2144 2695 2241 2772 Β

465 2791 681 2848 altitudo
718 2789 1054 2861 capillatis:
1078 2784 1167 2857 C,
1221 2783 1463 2842 attrastio
1515 2797 1691 2841 mutua
1744 2784 1948 2859 plumbi
1998 2800 2095 2859 pro
2133 2783 2237 2842 hoc

475 2877 598 2936 tubo
623 2893 700 2932 z
723 2871 932 2934 1³:213
956 2917 973 2948 ‚
1024 2884 1077 2932 et
1129 2869 1360 2933 cohaesio
1401 2887 1524 2932 cum
1566 2873 1803 2934 vitro:
1837 2867 2102 2943 E:.-B;
2156 2880 2258 2932 at«,

2053 2954 2238 3014 mai·
