2451 3569
543 193 727 266 πνεῖ
767 197 855 266 nv
894 196 1115 267 wass
1157 197 1726 290 eAPILtAamVs.
1883 171 2016 300 *³247*

410 355 788 432 Exponendum
831 359 940 417 hoc
1003 360 1059 417 in
1123 360 1246 418 loco
1307 363 1489 422 censeo
1515 407 1534 435 ,
1576 366 1846 441 quomodo
1885 368 2014 431 haee

253 445 603 518 experimenta
655 446 709 501 in
757 446 890 503 tubis
941 445 1253 518 capillaribus
1304 449 1600 507 instituerim
1625 494 1642 523 ,
1684 470 1787 526 quo
1838 459 2013 516 melius

245 530 499 587 diiudicari
543 531 692 606 poffit
718 572 735 602 ,
773 544 946 587 vtrum
991 543 1325 589 momentum
1397 535 1600 610 aliquod
1655 535 1870 595 habeant
1916 558 2012 600 nee

234 609 360 672 nei
403 628 454 672 et
495 633 600 691 quo
640 615 833 673 facilior
873 617 985 674 aliis
1006 659 1022 687 ,
1062 617 1239 692 quibus
1263 617 1451 697 volupe
1493 620 1640 680 fiierit
1653 667 1668 695 ,
1691 639 1752 682 ea
1773 625 2012 686 reiterare

237 697 322 758 seu
373 701 467 758 alia
511 714 698 759 tentare
738 713 907 777 pateat
947 704 1053 760 via.

394 786 534 845 Mihi
575 804 758 844 manus
797 789 941 863 operi
996 788 1295 847 admouenti
1347 792 1475 851 duae
1526 795 1845 870 potissimum
1898 799 2010 859 iub·

234 872 524 931 oriebantur
565 872 889 930 difficultates
928 877 1287 931 remouendae.
1370 878 1517 935 Nam
1566 890 1621 952 1)
1646 885 1753 939 tubi
1794 885 2006 957 quidam

233 960 387 1014 vitrei
441 961 553 1015 vim
598 958 779 1014 caloris
821 958 1021 1032 plumbi
1069 960 1158 1017 fl1fi
1200 961 1330 1018 ferre
1374 980 1482 1021 non
1526 979 1762 1039 poterant
1787 1011 1804 1038 ,
1845 982 1902 1025 et
1945 968 2005 1046 2)

227 1043 444 1100 altitudo
497 1043 561 1101 ad
602 1060 755 1118 quam
801 1044 1076 1118 plumbum
1121 1046 1249 1100 infra
1288 1047 1511 1104 libellam
1535 1050 1816 1109 subsistebat
1841 1094 1858 1122 ‚
1901 1071 2005 1112 non

225 1129 451 1203 conspici
516 1142 571 1185 et
634 1145 748 1186 eam
798 1128 870 1184 ob
923 1128 1145 1186 cauffiim
1216 1131 1592 1190 mensuratione
1660 1135 1860 1194 definiri
1914 1156 2007 1196 ne·

225 1216 416 1288 quibat.
504 1213 658 1292 Quod
701 1212 766 1269 ad
809 1212 1041 1287 priorem
1086 1213 1308 1287 attinet,
1349 1217 1542 1290 ffiepius
1580 1220 1763 1277 iterato
1796 1225 2008 1298 experi-

224 1310 406 1356 mento
429 1298 805 1368 animaduerti,
890 1299 1063 1372 rumpi
1088 1311 1286 1357 tantum
1333 1302 1603 1376 craffiores,
1643 1308 1893 1364 tenuiores
1914 1328 2003 1368 au·

222 1395 333 1439 tem
353 1383 484 1440 nihil
509 1383 799 1442 detrimenti
826 1384 953 1457 pati.
1003 1381 1224 1442 Calefeci
1247 1387 1416 1462 itaque
1437 1389 1688 1448 craffiores
1711 1391 2004 1469 paullatim,

220 1481 492 1543 antequam
518 1469 572 1523 in
593 1468 865 1542 plumbum
891 1467 1048 1525 fliium
1072 1470 1451 1544 immergebam
1476 1518 1493 1546 ,
1544 1492 1650 1549 quo
1701 1478 1839 1535 iacto
1890 1497 2000 1538 non

215 1547 424 1611 conatus
464 1570 610 1611 meos
650 1554 1007 1628 infringebant.
1095 1555 1186 1614 Ad
1229 1556 1439 1615 alteram
1494 1560 1774 1619 tollendam
1829 1567 2001 1639 prima

214 1640 332 1696 vice
384 1640 480 1696 hac
530 1637 646 1696 vsus
695 1638 806 1696 sum
858 1640 1131 1698 methodo.
1218 1642 1336 1698 Filo
1399 1661 1561 1723 aeneo
1624 1649 2000 1712 circumuoluto

213 1726 451 1782 annotaui
493 1727 550 1782 in
594 1726 717 1783 tubo
758 1724 1078 1783 altitudinem
1108 1770 1124 1798 ‚
1167 1728 1232 1785 ad
1276 1744 1432 1803 quam
1454 1723 1604 1787 illum
1648 1733 1702 1792 in
1725 1736 2002 1810 plumbum

212 1811 536 1869 immersurus
575 1828 717 1868 eram
743 1854 760 1884 ‚
801 1811 917 1868 licet
970 1825 1027 1869 et
1076 1813 1205 1869 istud
1249 1813 1308 1870 in
1363 1816 1637 1889 parietibus
1678 1822 1785 1879 tubi
1828 1835 1999 1880 exter-

214 1899 296 1954 nis
314 1896 594 1955 adhaerens
613 1898 929 1954 altitudinem
953 1898 1299 1955 immerfionis
1348 1901 1652 1962 ostenderet.
1741 1906 1999 1966 Immerio

213 1984 342 2040 tubo
381 1985 634 2042 orificium
681 1984 791 2040 eius
827 1984 989 2058 digito
1029 1997 1118 2041 aut
1161 2002 1278 2041 cera
1321 1986 1553 2045 obturaui
1576 2033 1594 2063 ,
1651 2005 1736 2050 aut
1792 1992 1996 2052 herme-

212 2070 314 2126 tice
355 2070 552 2146 clausi3
593 2063 706 2126 tum
751 2086 880 2127 vero
918 2070 1204 2128 admodum
1247 2069 1430 2130 leniter
1469 2079 1670 2134 extraxi
1694 2123 1713 2152 ,
1754 2095 1820 2136 ne
1874 2097 1997 2137 mo·

211 2166 291 2211 tus
344 2156 400 2215 in
464 2154 603 2213 caula
667 2154 786 2213 effet
810 2198 827 2228 ‚
871 2172 974 2231 quo
1052 2157 1313 2214 excideret
1379 2160 1652 2234 plumbum
1679 2208 1697 2236 ‚
1734 2178 1789 2222 et
1811 2209 1828 2237 ,
1871 2182 1993 2225 cum

211 2242 478 2297 metallum
522 2242 587 2298 ad
628 2241 942 2299 altitudinem
967 2242 1183 2318 aliquam
1226 2242 1503 2318 suspensum
1548 2248 1808 2322 haereret,
1849 2269 1991 2309 men-

211 2324 369 2383 suraui
410 2326 743 2385 differentiam
799 2329 932 2385 inter
975 2326 1108 2385 hanc
1162 2341 1217 2384 et
1275 2330 1597 2391 altitudinem
1650 2337 1993 2395 immersionis

195 2463 202 2480 ·.
212 2427 403 2486 nempe
443 2409 568 2469 CD.
652 2404 750 2469 His
792 2413 1010 2488 peractis
1049 2416 1107 2470 in
1149 2415 1377 2489 plurimis
1414 2421 1785 2494 experimentis
1821 2423 1987 2496 reperi

211 2496 570 2572 phaenomena
612 2498 788 2574 paullo
825 2512 942 2556 ante
982 2513 1290 2557 memorata.
1377 2501 1558 2561 Nullus
1597 2505 1765 2582 itaque
1806 2507 1872 2563 de
1910 2510 1999 2584 ip·-

211 2582 380 2638 sorum
422 2586 634 2640 veritate
676 2585 964 2642 dubitabam
987 2630 1005 2659 ‚
1049 2586 1344 2661 praesertim
1413 2607 1535 2646 cum
1602 2605 1656 2648 et
1708 2594 1987 2651 diametros

207 2668 498 2724 tubulorum
544 2668 743 2726 summa
766 2714 783 2742 ,
824 2689 921 2746 qua
976 2674 1149 2747 potui,
1193 2673 1428 2732 industria
1491 2677 1745 2734 dimenliis
1806 2680 1983 2736 estem.

209 2752 405 2810 Verum
447 2753 589 2809 enim
634 2770 763 2810 vero
802 2755 881 2812 bis
921 2757 1182 2816 obstruans
1208 2801 1224 2828 ,
1269 2761 1540 2835 plumbum
1587 2765 1642 2819 in
1684 2765 1809 2821 tubo
1859 2764 1984 2822 leni·

208 2850 292 2895 ter
331 2853 384 2895 et
438 2839 742 2900 verticaliter
790 2842 1021 2901 extracto
1082 2844 1273 2904 duobus
1324 2845 1524 2906 ialtibus
1571 2849 1770 2927 pollicis
1818 2848 1981 2923 longi-

290 2923 431 2985 Yom.
475 2924 625 2989 ΧΠ.
1038 2927 1140 3008 Pp
1849 2936 1983 3013 india
