2451 3569
515 238 544 280 ι
561 228 636 279 16
681 211 1178 279 EMENDAno
1223 211 1705 279 TABVLARVM
1739 206 2266 293 Asmomomcj.

504 375 675 428 dicum
723 374 856 425 rec‘te
898 372 967 425 est
1011 369 1295 425 assumtum.
1431 369 1627 443 Quarto
1666 371 1776 426 loca
1799 371 2051 425 nodorum
2098 370 2152 425 in
2188 384 2267 440 ta·

502 459 627 513 bulis
680 457 910 528 aii'iguata
956 459 1152 529 poliunt
1196 454 1289 509 effi:
1335 454 1505 508 vitioiit
1532 495 1547 523 ,
1591 455 1679 508 etsi
1722 455 1800 510 his
1824 457 2054 511 maxime
2101 456 2262 511 fidere

505 543 644 615 poste
689 543 929 596 videmur.
1020 541 1216 614 Qiinto
1260 539 1472 612 denique
1515 539 1715 593 euenire
1762 542 1925 610 potest
1949 584 1965 611 ‚
2021 556 2080 596 vt
2124 541 2264 596 incli-

502 630 647 682 natio
701 627 893 689 orbitae
946 626 1006 677 ad
1066 623 1359 694 eclipticam
1385 666 1401 692 ‚
1441 640 1566 694 quae
1612 625 1663 677 in
1708 624 1883 678 tabulis
1947 628 2150 697 ponitur
2183 667 2198 693 ,
2238 642 2270 682 a

502 714 715 776 veritate
762 711 972 764 recedat
1062 707 1193 762 Fieri
1238 707 1398 780 igitur
1439 708 1646 780 potest,
1690 722 1752 763 vt
1796 707 1994 764 tabulae
2029 711 2268 769 astromi-

498 812 585 856 cae
629 796 920 868 quintuplici
963 793 1275 848 correffione
1316 809 1441 865 opus
1492 792 1726 849 habeant.
1897 828 1947 853 γ.
1969 833 1989 867 ;

554 876 558 880 ’
655 883 832 947 §.13.
880 881 1020 934 Vnus
1064 892 1237 933 tutem
1281 878 1507 951 planetae
1549 879 1688 934 locus
1728 895 1797 933 ex
1840 854 2264 935 obseruationibus

498 968 741 1024 deduetus
796 966 983 1039 duplici
1041 968 1204 1019 modo
1257 982 1286 1016 a
1328 964 1508 1015 tabulis
1556 962 1804 1017 diffentire
1858 965 2020 1034 potest
2075 965 2268 1018 ratione

494 1052 676 1109 scillcet
733 1057 814 1106 ve]
869 1043 1196 1112 longitudinis
1255 1044 1343 1100 vel
1398 1045 1687 1102 latitudinis.
1793 1049 1964 1124 Quare
2008 1049 2044 1102 fi
2090 1047 2269 1119 singuli

472 1123 726 1189 ⁴diffensus
791 1123 1198 1183 obseruationum
1267 1147 1296 1185 a
1353 1132 1536 1188 tabulis
1601 1134 1664 1188 ad
1708 1135 1931 1188 totidem
1986 1134 2268 1203 tabularum
2338 1169 2342 1173 κ

474 1226 683 1273 ¹errores
725 1211 1033 1281 detegendos
1084 1210 1368 1286 safficiant‚
1426 1218 1543 1273 bina
1611 1218 1806 1274 alicuius
1873 1218 2101 1292 planetae
2156 1218 2270 1273 loca

493 1296 814 1366 geocentrica
859 1294 1109 1350 obseruata
1155 1312 1257 1349 non
1301 1308 1448 1350 erunt
1489 1294 1778 1349 sufficientia
1823 1302 1887 1351 ad
1934 1313 2147 1369 qumque
2189 1314 2268 1352 er-

493 1395 631 1435 rores
674 1379 993 1450 corrigendos
1016 1422 1031 1445 ‚
1074 1390 1207 1431 terna
1251 1388 1423 1431 autem
1468 1393 1573 1430 non
1615 1374 1778 1430 solum
1823 1391 2004 1431 omnes
2022 1392 2269 1448 errore&

493 1465 580 1536 qui
623 1468 676 1519 in
719 1463 888 1517 tabulis
934 1463 1079 1516 inesse
1124 1461 1310 1534 poffint
1333 1504 1349 1527 ‚
1397 1459 1702 1533 patefacient
1754 1473 1805 1515 et
1848 1459 2102 1531 corrigent
2128 1501 2143 1527 ,
2187 1460 2270 1518 sed

496 1565 601 1602 vna
644 1549 800 1602 etiam
842 1548 1067 1601 conditio
1122 1546 1416 1600 redundabit
1443 1587 1458 1614 ‚
1522 1563 1647 1616 quae
1700 1546 1763 1600 ad
1816 1542 2268 1617 confirmationem

492 1633 860 1689 emendationis
887 1631 1229 1694 instituendae
1277 1631 1496 1685 adhiberi
1523 1630 1700 1702 potest.
1788 1627 1867 1684 Ita
1912 1628 1955 1682 st:
1983 1646 2071 1697 *fres
2110 1629 2269 1701 ‚ha-bet

492 1718 529 1774 fi
571 1718 790 1792 quinque
820 1716 1077 1772 erroribus
1119 1715 1318 1778 tabulae
1363 1715 1456 1770 lint
1498 1717 1754 1771 obnoxiae
1778 1758 1794 1786 ‚
1850 1731 1917 1768 ex
1961 1732 2065 1787 quo
2106 1715 2269 1785 videri
2332 1707 2335 1710 ¹

491 1803 653 1876 posset
678 1847 692 1872 ‚
738 1803 1051 1875 paucioribus
1093 1800 1511 1856 obseruationibus
1533 1803 1799 1872 negotium
1824 1801 2058 1872 expediri
2095 1798 2267 1872 posse,

489 1889 530 1944 fi
576 1888 834 1944 inclinatio
874 1900 923 1940 et
969 1887 1087 1940 nodi
1132 1886 1268 1940 redte
1314 1886 1567 1939 constituti
1613 1886 1705 1941 sint
1745 1886 1801 1940 in
1849 1885 2059 1940 tabulis:
2097 1884 2264 1941 nihilo

492 1986 666 2029 tamen
713 1973 898 2038 minus·
922 1973 1074 2025 etiam
1129 1984 1241 2025 tum
1296 1970 1445 2024 tribus
1498 1987 1624 2042 opus
1665 1971 1759 2023 erit
1803 1968 2264 2043 obseruationibus,

493 2074 613 2114 cum
661 2057 789 2130 ipfae
832 2054 1201 2112 obsaruationes
1244 2058 1512 2110 veritatem
1557 2056 1811 2110 nodorum
1848 2067 1899 2108 et
1933 2055 2266 2111 inclinationis

492 2143 684 2200 orbitae
725 2143 780 2196 in
821 2143 998 2196 tabulis
1043 2140 1280 2195 assumtae
1326 2142 1574 2196 declarare
1617 2142 1848 2196 debeant.

648 2219 698 2284 §.
734 2245 825 2295 14.
896 2227 1145 2281 Ponamus
1210 2228 1314 2281 iam
1358 2244 1455 2298 pro
1508 2243 1800 2298 quocunque
1871 2224 2070 2297 planeta
2126 2225 2260 2281 cuius

490 2314 742 2370 correctio
795 2311 1049 2383 suscipitur
1091 2355 1107 2381 ,
1176 2313 1276 2366 eius
1331 2313 1614 2368 distantiam
1657 2326 1700 2365 *a
1757 2311 1856 2365 sole
1911 2312 2133 2366 mediam
2181 2309 2261 2381 seu

492 2400 686 2453 orbitae
733 2399 877 2471 ipsius
919 2397 1197 2451 serniaxem
1241 2397 1560 2452 transuersum
1601 2396 1696 2450 esse
1731 2416 1806 2451 :z
1850 2415 1885 2451 a
1930 2398 2062 2450 cuius
2104 2412 2262 2467 quan-

490 2484 605 2537 titas
628 2526 641 2552 ,
701 2485 810 2554 quia
865 2499 892 2536 a
938 2481 1044 2536 solo
1096 2495 1335 2554 tempore
1402 2484 1662 2554 periodico
1727 2482 1915 2554 pendet
1971 2481 2026 2534 in
2081 2481 2262 2535 tabulis

491 2568 624 2624 rec'te
665 2568 898 2638 affignata
940 2567 1142 2637 ponitur
1166 2610 1180 2635 ‚
1225 2569 1294 2620 ita
1339 2579 1395 2619 vt
1440 2567 1750 2621 corree’tioue
1795 2583 1915 2620 non·
1939 2576 2097 2638 egeat.
2143 2565 2258 2621 De-

490 2653 604 2707 inde
650 2653 707 2706 sit
752 2652 1091 2705 excentricitas
1131 2650 1209 2704 {eu
1234 2650 1476 2705 >distantia
1522 2650 1633 2705 solis
1675 2668 1702 2704 a
1745 2664 1921 2706 centro
1965 2652 2156 2705 orbitae
2189 2650 2255 2707 ad

489 2738 776 2793 distarthm
821 2736 1046 2790 mediam
1092 2733 1341 2807 applicata
1367 2778 1380 2804 ,
1426 2736 1579 2808 qualis
1624 2737 1677 2788 in
1721 2738 1895 2792 tabuiis
1938 2734 2148 2797 habetur
2178 2752 2255 2791 z:

488 2822 523 2883 k
541 2866 560 2896 ,
601 2839 717 2881 vera
759 2833 932 2880 autem
974 2821 1322 2891 excentricitas
1362 2820 1420 2877 sit
1462 2841 1537 2878 ,τ-
1579 2823 1609 2881 k
1633 2831 1709 2886 ἥ-
1734 2821 1824 2881 dle.
1912 2821 2085 2879 Tertia
2129 2838 2256 2876 ano-

2103 2906 2258 2965 maiia
