2451 3569
439 232 557 300 358
602 223 707 284 DE
750 202 1169 282 DECLINAT.
1212 201 2196 280 SIDER.DETERM1NAT.&3·‚

437 383 487 442 C
511 431 526 457 ,
571 396 631 439 vt
675 382 822 438 istum
868 381 1050 454 absque
1097 376 1322 451 periculo
1367 372 1548 430 erroris
1589 374 1736 427 nimii
1800 371 2079 446 supponere
2143 370 2201 428 li-

438 485 591 528 ceret.
681 471 932 524 Ponamus
977 467 1114 520 enim
1143 462 1318 518 Solem
1366 459 1607 533 aequabili
1652 471 1819 513 motui
1841 476 1934 530 per
1987 458 2204 531 Eclipti-

440 576 557 614 cam
603 557 760 627 ferri3
811 566 862 607 et
909 549 1227 606 manifestum
1272 548 1343 602 est
1369 592 1384 619 ,
1427 564 1493 601 ex
1541 545 1799 601 interuallo
1843 544 2094 616 temporis
2128 545 2203 599 in.

439 656 516 698 ter
559 640 922 696 obseruationes
946 634 1080 692 Solis
1122 636 1173 689 in
1217 635 1268 689 A
1313 648 1363 687 et
1409 630 1455 686 C
1501 632 1685 686 exacte
1727 630 1897 685 haberi
1938 630 2077 703 posse
2126 648 2206 686 ar-

439 746 562 786 cum
607 727 660 781 A
685 723 730 779 C
757 769 773 796 ,
818 723 887 778 ob
929 736 1136 795 tempus
1179 720 1496 795 periodicum
1519 717 1648 773 Solis
1689 718 1883 771 datum.
1951 712 2090 775 Cum
2111 713 2205 773 Sol

439 815 495 870 in
539 812 790 885 Ecliptica
833 809 1153 864 vniformiter
1197 825 1301 862 non
1345 821 1638 874 moueatur,
1684 816 1858 858 motus
1900 802 2005 856 eius
2029 818 2208 874 aequa-

440 901 554 956 bilis
594 899 675 954 seu
716 896 912 952 medius
940 939 955 963 ‚
1003 897 1138 950 cuius
1180 896 1422 967 quantitas
1467 908 1536 946 cx
1579 892 1701 945 dato
1741 903 1978 961 tempore
2011 903 2207 960 cogno-

438 986 585 1042 stitur
615 1032 629 1057 ,
670 982 855 1056 corrigi
909 981 1034 1035 solet
1088 997 1180 1053 per
1223 978 1542 1051 aequationes
1586 977 1745 1030 centri
1798 973 1968 1046 Solis,
2023 970 2111 1028 ita¹
2148 986 2223 1030 vt·

441 1086 613 1128 motus
651 1068 781 1126 Solis
823 1084 970 1121 verus
1014 1083 1102 1138 per
1146 1067 1199 1119 A
1225 1063 1270 1118 C
1314 1062 1588 1118 innotescat
1632 1079 1700 1116 ex
1746 1075 1894 1116 motu
1936 1062 2036 1116 eius
2093 1077 2206 1116 me·

442 1159 530 1212 dio
573 1152 870 1229 (tempori,
914 1166 1017 1222 quo
1057 1148 1147 1203 Sol
1188 1165 1256 1201 ex
1301 1149 1355 1200 A
1400 1150 1453 1202 in
1500 1146 1547 1202 C
1586 1149 1818 1219 peruenit
1844 1188 1859 1214 ,
1905 1146 2202 1220 responden-

437 1248 522 1310 te)
577 1247 881 1310 comparato
937 1251 1056 1289 cum
1113 1232 1395 1288 differentia
1450 1234 1810 1303 aequationum
1865 1235 2019 1287 centri
2077 1231 2212 1291 Solis

440 1328 568 1383 locis
609 1327 714 1380 eius
756 1325 807 1376 in
853 1322 907 1377 A
951 1331 1003 1374 et
1050 1316 1096 1374 C
1138 1317 1574 1391 competentium.
1672 1314 1735 1370 In
1790 1316 2206 1373 determinatione

439 1427 613 1469 motus
657 1410 816 1466 medii
860 1424 928 1461 ex
972 1407 1093 1461 dato
1135 1418 1370 1477 tempore
1427 1419 1608 1475 parum
1679 1399 1761 1456 vel
1822 1400 1947 1455 nihil
2014 1405 2208 1473 peccari

438 1500 621 1574 potest.
711 1496 865 1570 Quod
912 1493 975 1547 ad
1028 1491 1366 1547 differentiam
1432 1488 1789 1561 aequationum
1857 1486 2022 1542 centri
2084 1489 2210 1543 locis

441 1584 575 1643 Solis
616 1586 669 1638 in
716 1584 770 1636 A
815 1593 868 1635 et
911 1575 958 1633 C
998 1577 1409 1632 conuenientium
1440 1618 1454 1644 ,
1501 1577 1553 1629 in
1616 1575 1702 1629 ista
1758 1590 1938 1648 parum
2007 1589 2211 1647 quoque

440 1671 592 1725 errari
636 1666 772 1742 posse
814 1664 988 1721 credo.
1073 1661 1329 1719 Aberrent
1369 1661 1510 1716 enim
1552 1660 1665 1716 loca
1709 1658 1842 1717 Solis
1883 1676 1974 1734 per
2018 1659 2207 1716 tabulas

439 1756 807 1812 astronomicas
849 1761 1149 1823 computata
1191 1749 1383 1821 aliquot
1427 1748 1632 1802 minutis
1673 1763 1703 1800 a
1745 1746 1866 1802 locis
1891 1790 1907 1818 ,
1955 1747 2007 1800 in
2031 1746 2207 1818 quibus

441 1840 534 1901 Sol
578 1856 816 1914 tempore
856 1836 1264 1893 obseruationum
1309 1850 1482 1889 reuera
1525 1832 1736 1889 versatus
1776 1832 1891 1905 est·⁷
1947 1829 2074 1886 haec
2129 1845 2208 1888 ta-

441 1945 566 1985 men
608 1927 854 1983 aberratio
900 1923 1143 1996 exiguum
1186 1937 1410 1976 errorem
1465 1919 1750 1992 producet,
1805 1936 1923 1975 cum
1992 1917 2208 1975 variatio

444 2013 749 2088 aequationis
793 2010 1060 2075 variationi
1105 2007 1254 2063 Vnius
1295 2002 1494 2062 Gradus
1534 2006 1586 2060 in
1630 2005 1881 2062 anomalia
1926 2005 2095 2059 media
2129 2021 2211 2060 re·

443 2101 688 2175 spondens
731 2098 960 2154 nondum
1007 2095 1069 2149 ad
1119 2112 1173 2146 2.
1224 2093 1420 2149 minuta
1464 2091 1729 2164 ascendat,
1774 2093 1809 2148 si
1849 2091 2080 2146 maxima
2124 2091 2207 2165 sit;

442 2200 507 2242 vt
551 2187 683 2242 adeo
727 2183 957 2256 aequatio
1001 2181 1122 2235 loco
1165 2176 1298 2235 Solis
1339 2195 1406 2235 ex
1449 2177 1638 2233 calculo
1682 2190 1972 2251 cempetens
2022 2192 2206 2250 parum

443 2272 619 2329 differe
665 2269 814 2344 poffit
856 2268 918 2324 ab
961 2267 1259 2339 aequatione
1301 2282 1426 2339 quae
1469 2265 1585 2320 loco
1623 2264 1752 2321 Solis
1788 2268 1838 2320 in
1863 2254 1979 2318 celo
2001 2263 2206 2333 respon-

443 2360 532 2415 det
558 2404 573 2430 ,
618 2355 905 2432 praesertim
950 2355 1002 2408 in
1047 2352 1141 2407 illis
1183 2352 1365 2407 casibus
1389 2392 1405 2421 ,
1452 2351 1505 2405 in
1575 2353 1750 2426 quibus
1818 2350 2045 2423 aequatio
2115 2365 2205 2421 per

442 2462 609 2500 vnum
654 2442 929 2498 anomaliae
976 2441 1175 2496 mediae
1215 2438 1426 2512 gradum
1474 2436 1605 2499 lente
1630 2440 1860 2494 variatur.
1947 2433 2205 2490 Differen-

443 2532 514 2586 tia
558 2546 679 2602 ergo
722 2528 1080 2600 aequationum
1123 2542 1191 2580 ex
1232 2526 1426 2580 tabulis*
1453 2542 1632 2596 parum
1675 2525 1939 2595 discrepare
1980 2521 2133 2576 debet
2174 2509 2206 2576 a

448 2615 722 2672 differentia
768 2613 1124 2685 aequationum
1155 2653 1170 2681 ,
1216 2628 1340 2683 quae
1380 2610 1500 2664 locis
1541 2607 1670 2664 Solis
1710 2611 1762 2663 in
1805 2610 1857 2663 A
1900 2619 1952 2662 et
2008 2604 2055 2661 C
2122 2622 2204 2661 re·

448 2718 562 2757 uera
606 2700 926 2771 respondent.
1018 2696 1139 2751 Imo
1184 2713 1303 2750 cum
1350 2695 1570 2767 quaestio
1613 2696 1677 2750 ad
1719 2694 2018 2750 differentias
2059 2694 2206 2748 redu-

445 2788 529 2843 cta
571 2786 632 2842 fit
658 2830 672 2857 ‚
715 2802 854 2839 error
893 2785 1099 2856 exiguus
1141 2784 1202 2838 ad
1246 2782 1462 2837 modum
1508 2782 1605 2836 erit
1647 2783 1833 2838 etiamsi
1857 2781 1909 2834 in
1930 2780 2024 2836 situ
2049 2779 2202 2852 Apo-

438 2875 557 2951 gaei
604 2884 658 2930 et
701 2870 1045 2947 magnitudine
1088 2868 1479 2929 excentricitatis
1525 2867 1719 2927 orbitae
1769 2858 1950 2929 Solaria
2006 2864 2201 2921 tabulae

2042 2947 2193 3008 astross
