2451 3569
865 212 1022 295 ὧδ’-ἐξ
1066 235 1102 279 0
1147 214 1303 297 5⁹:03<ss
1880 227 1960 297 '97

709 366 1443 432 COMMENTATIONES

203 462 348 552 DE
365 458 1322 547 OSCILLATIONIBVS
1339 463 1966 552 COMPOSITIS

146 635 151 637 μ
233 595 714 658 PRAESERTIM
741 592 830 649 IIS
856 593 1063 670 QVAE
1093 592 1329 651 FIVNT
1355 592 1442 650 IN
1468 592 1931 661 CORPORIBVS

499 693 609 755 EX
650 688 821 750 FILO
879 687 1181 746 FLEX1L1
1238 687 1637 755 sVSPENSIS⁰

949 780 1213 822 AVCTORE

817 850 1042 911 Daniele
1083 848 1343 909 Βθνηοιιίίέὑ

993 1089 1041 1156 5.
1096 1105 1150 1144 1.

330 1239 355 1276 e
394 1219 776 1280 oscillationibus
816 1219 1110 1280 sermonem
1155 1219 1345 1280 exituro
1391 1234 1507 1281 ante
1576 1224 1758 1283 omnia
1827 1223 1958 1285 mibi
1975 1239 2070 1286 ται).
2098 1246 2150 1287 11.

370 1312 688 1367 monendum
729 1311 825 1364 erit
849 1354 864 1382 ‚
906 1309 1027 1366 solas
1067 1327 1150 1366 eas
1194 1310 1487 1366 considerari
1532 1310 1617 1368 hic
1670 1331 1767 1387 pro
1813 1332 1958 1372 more

185 1395 334 1452 solito
362 1437 378 1467 ,
424 1413 550 1469 quae
590 1399 659 1452 ita
702 1411 883 1468 paruae
949 1394 1053 1450 sunt
1077 1440 1092 1466 ‚
1137 1409 1194 1449 vt
1237 1397 1288 1450 in
1333 1397 1525 1452 calculo
1591 1416 1691 1472 pro
1761 1400 1957 1458 infinite

184 1483 355 1556 paruis
397 1480 569 1536 haberi
614 1480 813 1556 poffint.
903 1480 1106 1535 Possunt
1149 1493 1324 1535 autem
1373 1483 1425 1534 in
1468 1481 1734 1551 systemate
1763 1528 1778 1555 ‚
1820 1488 1959 1541 cuius

187 1567 405 1640 fingulae
449 1580 614 1639 partes
658 1566 881 1621 motibus
925 1564 1191 1638 reciprocis
1242 1565 1489 1636 agitantur
1512 1609 1528 1637 ‚
1592 1569 1694 1623 duo
1764 1570 1959 1643 potiffi-

183 1668 335 1708 mum
379 1650 749 1708 oscillationum
793 1666 973 1724 genera
1016 1650 1308 1706 considerari
1339 1671 1350 1706 ε
1426 1651 1656 1725 primum
1713 1656 1786 1710 est
1831 1672 1955 1712 cum

183 1737 400 1812 fingulae
443 1736 717 1808 systematis
760 1749 924 1810 partes
966 1737 1235 1792 neceffario
1278 1735 1375 1792 itus
1415 1739 1694 1811 reditusque
1739 1738 1846 1795 suos
1889 1741 1953 1796 fi-

183 1825 295 1879 mul
337 1824 579 1896 incipiunt
602 1866 619 1893 ,
665 1822 910 1895 fimulque
954 1821 1178 1877 finiunt:
1222 1819 1343 1877 tales
1366 1821 1695 1878 oscillationes
1761 1823 1952 1882 faciunt

185 1925 402 1982 corpora
443 1924 508 1962 ex
552 1907 645 1962 filo
688 1908 858 1980 rigido
904 1905 1107 1960 firmata
1153 1917 1207 1960 et
1251 1905 1467 1980 filspensa
1520 1909 1626 1963 iam
1673 1911 1875 1981 pridem
1919 1928 1951 1967 a

184 1988 477 2049 Geometris
500 2000 510 2002 ⁴
531 1992 858 2066 exploratas:
928 1992 1137 2048 alterum
1193 2007 1348 2064 genus
1390 1993 1461 2048 est
1486 2038 1501 2065 ‚
1567 2010 1687 2049 cum
1732 1996 1950 2052 diuersae

180 2078 451 2149 systematis
491 2091 657 2152 partes
700 2075 900 2134 diuersis
943 2076 1254 2152 temporibus
1297 2077 1617 2135 oscillationes
1661 2078 1763 2135 suas
1798 2081 1952 2154 perfi-

178 2181 290 2221 cere
331 2164 529 2239 possunt
554 2208 570 2235 ,
614 2164 840 2237 quamuis
882 2180 1041 2219 nexus
1084 2164 1304 2238 partium
1390 2165 1498 2220 talis
1540 2166 1599 2221 fit
1623 2209 1638 2236 ‚
1684 2179 1746 2221 vt
1789 2168 1953 2241 fingu-

179 2251 342 2307 larum
386 2249 752 2307 oscillationum
809 2250 1004 2306 indoles
1046 2267 1073 2305 a
1120 2250 1403 2305 mutatione
1450 2252 1802 2308 vniuscuiusuis
1837 2270 1950 2310 mu-

180 2348 362 2392 tentur.
449 2336 553 2391 Has
578 2336 853 2409 postremas
876 2336 1211 2391 oscillationes
1255 2352 1390 2390 voco
1423 2340 1715 2412 composttas.
1767 2338 1949 2394 Huius·

179 2423 382 2478 cemodi
427 2421 786 2477 oscillationum
830 2421 1126 2493 exemplum
1197 2419 1327 2475 haud
1384 2422 1632 2493 inelegans
1697 2423 1814 2478 dedi
1859 2424 1950 2479 de·

181 2504 402 2562 sumtum
443 2526 474 2563 a
516 2507 814 2581 corporibus
857 2506 951 2562 filo
991 2506 1147 2561 flexili
1187 2507 1434 2561 connexis
1474 2518 1526 2561 et
1574 2507 1802 2581 suspensis
1826 2509 1939 2566 vid.

185 2586 401 2645 Comm.
447 2606 563 2648 tom
608 2592 705 2649 VI.
751 2609 869 2666 pag.
924 2601 1057 2650 108.
1106 2604 1158 2646 et
1201 2594 1491 2664 nuperrime
1537 2593 1739 2666 exposui
1765 2595 1895 2650 aliud
1925 2637 1941 2665 ,

179 2691 282 2748 quo
324 2674 544 2747 duplices
567 2681 619 2732 in
662 2678 955 2752 corporibus
986 2678 1200 2734 humido
1224 2678 1545 2735 insidentibus
1571 2679 1938 2736 oscillationum

179 2760 361 2833 species
384 2761 528 2816 simul
553 2763 837 2834 existenteS,
858 2782 1080 2837 quaeque
1106 2781 1211 2820 non
1233 2764 1421 2842 poffint
1444 2765 1770 2843 aliter,quam
1797 2762 1944 2824 fimul

176 2845 526 2917 determinari,
552 2849 836 2908 examinaui
859 2862 910 2906 et
932 2850 1154 2908 definiui.

259 2927 406 2994 Tem.
451 2933 585 2996 XII.
1065 2933 1123 2994 N
1458 3009 1461 3012 Α
1799 2938 1847 3005 ς.
1879 2949 1938 3016 2:
