2451 3569
385 196 1007 270 OBSERVATIONES
1039 202 1589 274 ANATOMICAE.
1786 236 1820 292 3
1837 235 1909 292 13

155 358 449 420 inferiorem
476 403 494 432 ,
534 372 588 414 et
611 359 862 417 lumbares
887 405 902 434 ,
946 377 1161 435 quasque
1203 363 1441 420 consueto
1491 365 1578 423 suo
1615 365 1734 425 loco
1795 388 1916 445 pro-2

154 449 339 504 ducens
377 446 617 502 arterias:
687 446 884 502 inferius
949 446 1306 502 diuaricabatur
1369 461 1422 503 et
1472 451 1584 506 vasa
1650 455 1790 510 iliaca
1842 457 1916 512 di-

153 534 410 590 mittebat.
511 530 657 586 Vena
707 548 833 586 vero
888 545 1009 585 caua
1061 529 1319 588 ascendens
1368 550 1471 590 non
1525 535 1676 610 longe
1719 540 1783 594 ab
1842 541 1920 595 in·

143 617 313 672 ·troitu
357 617 412 670 in
455 615 637 690 hepar,
680 617 771 670 vbi
814 615 1024 670 vncialis
1065 616 1386 673 craffitudinis
1407 621 1679 693 existebat,
1703 641 1772 679 ex
1794 625 1922 680 duo·

153 700 244 756 bus
284 700 525 756 distineris
567 714 618 755 et
663 701 942 773 aequalibus
1009 702 1220 756 conflari
1285 706 1465 759 truncis
1509 707 1784 764 videbatur.
1841 709 1922 766 Ita

156 797 327 840 autem
371 787 532 842 trunci
577 786 669 859 ipfi
711 798 846 840 erant
889 786 1083 855 locati,
1125 797 1185 840 vt
1226 804 1352 843 vnus
1391 789 1570 845 dexter
1605 792 1729 848 latus
1753 794 1921 866 spinae

153 870 396 926 dextrum
422 914 439 942 ,
482 871 606 925 alter
650 870 833 926 finister
873 870 1095 925 eiusdem
1150 869 1319 942 spinae
1370 872 1516 927 latus.
1545 890 1812 949 occuparet
1855 879 1924 933 sr-

157 955 363 1010 nistrum
392 999 408 1026 ,
451 967 505 1009 et
526 965 722 1010 aortam
767 966 978 1027 vterque
1020 954 1302 1009 contineret
1347 958 1594 1014 mediam.
1697 961 1820 1036 Quo
1861 961 1926 1017 ab

156 1054 275 1095 ortu
318 1040 524 1094 istorum
569 1051 860 1095 truncorum
904 1038 1015 1109 ipso
1036 1083 1051 1108 ,
1093 1039 1319 1111 respedtu
1361 1042 1555 1096 itineris
1596 1045 1887 1116 progressiui
1909 1089 1925 1115 ,

105 1142 108 1143 ⁷
153 1142 257 1198 quo
298 1123 587 1196 sanguinem
631 1122 793 1177 versus
846 1138 936 1175 cor
976 1122 1204 1191 vehunt,
1246 1135 1298 1176 et
1346 1125 1435 1178 vbi
1480 1143 1612 1182 vena
1653 1145 1777 1183 caua
1824 1129 1927 1201 ipia

155 1210 492 1281 implantatur
519 1250 535 1277 ‚
578 1207 907 1261 exordiamur
932 1249 945 1274 ‚
1004 1207 1195 1260 necefie
1255 1210 1351 1261 erit
1408 1209 1480 1263 ibi
1533 1211 1925 1284 descriptionem

156 1292 397 1348 inchoare
419 1335 435 1361 ,
481 1291 570 1360 vbi
612 1291 872 1345 diuifiones
924 1290 974 1343 in
1016 1308 1175 1345 vnum
1229 1306 1474 1364 coguntur
1527 1307 1803 1371 truncum;
1850 1312 1925 1353 et-

157 1379 299 1431 enim
344 1376 495 1430 iliacis
537 1387 644 1429 tarn
691 1374 894 1428 internis
934 1392 1090 1446 quam
1135 1379 1348 1432 externis
1404 1379 1515 1450 post
1569 1384 1769 1436 arterias
1816 1384 1926 1437 ilia-

157 1479 239 1516 cas
280 1460 715 1532 congredientibus
751 1502 766 1529 ‚
822 1471 1023 1513 truncus
1089 1459 1175 1513 ille
1229 1478 1392 1515 venae
1449 1482 1597 1519 cauae
1665 1466 1929 1522 ascendens

159 1544 390 1599 solitarius
432 1545 700 1598 conficitur
727 1584 742 1611 ‚
806 1544 894 1613 qui
950 1545 1191 1598 dextrum
1245 1543 1410 1618 spinae
1477 1550 1600 1603 latus
1656 1551 1927 1623 poffiden5‚

160 1645 317 1702 penes
358 1646 533 1683 renem
579 1629 995 1684 succenturiatum
1039 1631 1276 1684 dextrum
1359 1632 1412 1684 in
1465 1633 1663 1706 hepatis
1715 1636 1929 1691 substan-

161 1715 287 1769 tiam
335 1715 676 1787 immergitur.
810 1711 874 1768 In
931 1713 1100 1767 nostro
1168 1714 1389 1769 subiecto
1420 1760 1436 1786 ,
1501 1722 1578 1771 vti
1623 1719 1726 1774 duo
1772 1722 1930 1777 trunci

160 1814 322 1853 venae
389 1815 578 1868 cauae,
634 1798 697 1853 fic
742 1798 898 1853 etiam
941 1800 1199 1853 iliacorum
1245 1801 1507 1856 immersio
1559 1804 1614 1856 in
1659 1803 1724 1858 sui
1767 1805 1932 1860 lateris

164 1899 417 1955 quemque
464 1894 698 1938 truncum
753 1895 857 1937 erat
910 1882 1173 1955 separatim
1234 1886 1495 1957 conspicua
1534 1930 1549 1956 ‚
1618 1905 1684 1941 eo
1728 1902 1928 1944 tantum

163 1968 446 2023 discrimine
472 2011 488 2037 ,
530 1981 591 2022 vt
632 1979 833 2022 truncus
874 1969 1112 2039 incipiens
1137 1968 1304 2024 sinistri
1331 1970 1492 2024 lateris
1534 1972 1703 2043 paullo
1726 1973 1931 2029 inferior

163 2070 222 2111 ac
266 2052 348 2106 ine
388 2053 557 2108 dextri
601 2052 770 2107 lateris
812 2054 1097 2125 apparuerit
1129 2071 1145 2125 3
1205 2054 1441 2126 fiquidem
1499 2057 1680 2111 canalis
1721 2058 1930 2130 quidam

166 2137 370 2210 oblique
427 2137 757 2193 transuersalis
801 2138 923 2193 duas
965 2138 1137 2192 vncias
1189 2138 1370 2211 longus
1413 2153 1466 2196 et
1519 2143 1782 2199 dimidiam
1836 2160 1932 2198 vn-

166 2224 272 2278 ciae
317 2222 491 2278 crassus
514 2266 529 2293 ,
586 2223 726 2295 super
777 2222 1010 2278 vertebra
1086 2223 1382 2280 lumborum
1451 2227 1623 2298 quinta
1687 2240 1736 2281 et
1789 2244 1929 2301 pone

142 2324 336 2363 ‘ramos
379 2308 554 2363 iliacos
599 2309 802 2363 arteriae
847 2323 1060 2380 magnae
1103 2310 1371 2381 traiiciens‚
1417 2309 1562 2365 binos
1604 2324 1800 2366 truncos
1840 2328 1933 2368 co-

168 2392 370 2464 pulabat
395 2436 410 2465 ‚
454 2393 524 2448 ita
570 2394 774 2466 quidem
801 2437 816 2465 ,
863 2406 919 2448 vt
957 2395 1008 2447 in
1053 2393 1222 2449 dextri
1267 2395 1427 2449 trunci
1472 2395 1626 2450 latere
1669 2413 1832 2468 prope
1855 2398 1933 2452 di-

169 2477 407 2532 stantiam
451 2480 599 2533 vnius
645 2479 823 2533 vnciae
881 2479 944 2533 ab
989 2478 1139 2533 iliacis
1181 2492 1470 2552 emergeret
1495 2525 1510 2551 ,
1564 2482 1712 2554 inque
1757 2482 1929 2537 sinistri

169 2561 338 2618 lateris
381 2573 560 2617 trunco
583 2607 598 2631 ,
642 2563 732 2618 vbi
775 2564 912 2619 iliaca
957 2563 1070 2619 vasa
1093 2607 1109 2634 ‚
1163 2576 1222 2618 vt
1265 2578 1533 2621 externum
1589 2579 1736 2639 atque
1776 2568 1935 2622 inter·

148 2663 300 2702 >num
327 2687 343 2714 ‚
389 2660 728 2717 concurrunt,
782 2649 1018 2722 figeretur
1041 2692 1056 2720 ,
1114 2650 1166 2705 in
1210 2651 1296 2705 via
1340 2668 1463 2706 vero
1517 2664 1569 2706 et
1612 2652 1780 2724 paullo
1823 2654 1936 2707 fini-

172 2732 363 2789 sterius,
387 2747 572 2785 venam
618 2733 871 2795 emitteret
915 2733 1117 2788 sacram.
1229 2736 1421 2791 Trunci
1487 2739 1542 2790 in
1608 2738 1779 2790 itinere
1846 2736 1934 2791 fibi

176 2833 318 2892 pares
363 2814 473 2887 post
531 2816 665 2871 hunc
725 2816 990 2873 transuerie
1046 2818 1305 2892 obliquum
1349 2834 1402 2877 et
1447 2822 1933 2877 communicatiuum

268 2903 405 2959 Tom.
451 2901 518 2958 X
521 2901 591 2959 ΙΙ.
1021 2901 1072 2958 R
1099 2919 1127 2958 r
1708 2903 1934 2962 canalem

150 3047 175 3065 s
