2451 3569
461 240 574 282 100
603 216 779 284 COM
782 220 854 279 M
861 264 871 275 .
898 219 1007 277 DE
1029 212 1316 278 OSC'ILL.
1343 211 1580 280 COMP.
1599 214 1856 280 PRAES.
1875 216 1973 278 IIS
1987 213 2214 303 ‚QVAE

621 379 669 442 ξ-
725 390 776 442 5.
827 372 1263 428 Considerabimus
1310 371 1473 441 itaque
1515 387 1731 444 corpora
1776 373 2214 428 finit-‚ieextensio-

452 465 528 518 nis
570 479 637 517 ex
681 462 869 535 punfto
915 459 1027 513 fixo
1071 459 1326 512 mediante
1373 456 1463 510 filo
1503 453 1659 508 flexili
1702 459 1845 512 dat-„ie
1892 460 2217 529 longitudinis

448 548 682 617 suspensa.
772 546 905 598 Haec
951 561 1161 614 corpora
1203 559 1319 596 cum
1363 542 1479 594 hinc
1525 540 1638 593 inde
1683 542 1925 610 agitantur
1951 588 1965 614 ,
2013 557 2217 597 motum

447 634 701 703 dusilicem
750 631 1038 700 angularem
1086 628 1313 678 obtinere
1355 625 1647 678 considerari
1709 624 1945 698 poffunt3
1999 631 2216 682 alterum

448 735 552 789 qun
594 716 793 786 angulus
839 713 980 764 fi'um
1027 713 1157 764 inter
1197 723 1249 762 et
1292 710 1476 763 lineam
1523 712 1815 762 verticaiem
1853 726 1944 780 per
1969 714 2217 782 pundmm

449 801 614 855 fixum
667 798 992 852 transeuntem
1040 797 1273 849 continue
1317 807 1579 863 mutatur,
1631 794 1844 847 alterum
1904 811 2006 864 quo
2060 815 2216 869 angu-

449 885 523 940 lus
565 889 694 938 inter
737 883 870 936 idem
917 883 1059 934 filum
1116 894 1167 934 et
1225 882 1411 935 lineam
1438 922 1452 948 ‚
1508 894 1633 951 quae
1678 895 1767 949 per
1811 878 2074 949 punctum,
2128 882 2220 937 vbi

448 970 595 1026 filum
645 968 845 1040 corpori
896 968 1121 1037 alligatur
1163 978 1214 1019 et
1260 983 1353 1037 per
1396 976 1625 1017 centrum
1684 964 1938 1035 grauitatis
1994 966 2221 1036 corporis

452 1056 624 1110 tramit
650 1099 665 1125 ,
712 1064 957 1126 perpetuo
1008 1051 1181 1106 variat.
1272 1050 1344 1104 Hi
1388 1063 1558 1103 motus
1600 1050 1849 1120 angulares
1893 1049 2220 1120 irregulareS,

449 1141 737 1212 inaequales
770 1182 785 1208 ‚
832 1136 1143 1208 perturbati,
1191 1148 1297 1190 tam
1341 1136 1536 1189 ratione
1581 1134 1858 1188 durationis
1900 1151 2049 1205 quam
2108 1149 2218 1188 ma-

450 1225 730 1297 gnitudinis
775 1222 944 1275 statim
991 1221 1136 1275 sunt:
1180 1232 1233 1274 at
1279 1220 1390 1274 fieri
1434 1219 1596 1290 potest
1641 1232 1700 1273 vt
1768 1218 1909 1273 simul
1975 1220 2221 1289 incipiant

444 1309 689 1381 fimulque
734 1307 987 1374 finiantur,
1034 1318 1246 1376 tuncque
1300 1304 1628 1359 oscillationes
1672 1304 1736 1356 ad
1780 1303 1962 1357 statum
1989 1292 2220 1357 ‘vnifor-

448 1395 643 1449 mitatis
683 1390 913 1446 reductae
940 1389 1046 1444 sunt
1070 1433 1086 1460 ,
1130 1390 1192 1443 ad
1241 1405 1395 1461 quem
1436 1385 1517 1440 sua
1561 1385 1735 1458 sponte
1780 1387 1942 1457 magis
1963 1391 2220 1461 magisque

444 1479 702 1532 accedunt.
773 1476 944 1546 Atque
999 1474 1085 1527 iste
1128 1474 1201 1528 est
1244 1474 1392 1528 status
1418 1517 1433 1541 ‚
1478 1488 1631 1543 quem
1683 1470 1843 1525 solum
1888 1471 2225 1547 considerabi-⁶

451 1578 566 1616 mus
589 1607 604 1631 ,
647 1575 701 1616 et
745 1563 881 1616 cuius
926 1558 1149 1612 indolem
1194 1558 1459 1629 explorare
1501 1555 1862 1610 constituimus,

607 1649 655 1713 ς.
701 1652 758 1701 6.
807 1642 884 1700 Sit
926 1645 1074 1715 igitur
1115 1646 1288 1715 primo
1330 1640 1457 1717 (nec
1511 1641 1651 1695 enim
1708 1652 2068 1713 argumentum
2121 1638 2223 1697 sta·‘

248 1755 337 1796 rab.
378 1756 429 1799 n,
448 1731 544 1787 tim
593 1729 950 1802 generalissime
995 1728 1241 1799 inquirere
1288 1729 1466 1792 iuuat)
1509 1726 1634 1779 linea
1659 1727 1790 1781 reita
1817 1724 1863 1780 C
1887 1727 1936 1780 H
1984 1723 2106 1800 (fig.
2137 1722 2218 1801 5.)

442 1817 669 1872 craffitiei
714 1829 767 1870 et
810 1814 1064 1886 grauitatis
1104 1825 1356 1884 vtcunque
1399 1811 1665 1882 inaequalis
1687 1852 1702 1879 ,
1758 1809 1973 1882 suspenla
2018 1827 2084 1865 ex
2122 1811 2218 1866 filo

444 1905 500 1960 A
527 1900 574 1956 C
624 1899 841 1968 perfecte
883 1897 1041 1952 flexili
1085 1898 1326 1968 omnique
1367 1897 1602 1950 destituto
1625 1898 1881 1966 grauitate,
1970 1895 2111 1950 Patet
2132 1913 2220 1951 au-

447 2000 558 2042 tern
599 1986 846 2058 requirere
889 1982 1053 2055 legem
1099 1982 1457 2036 vniformitatis
1500 1979 1861 2035 oscillationnm
1888 2024 1904 2049 ,
1950 1993 2009 2035 vt
2051 1982 2217 2053 fingu-

445 2072 496 2128 la
541 2071 728 2144 puncta
772 2070 934 2124 lineae
979 2067 1142 2138 grauis
1184 2065 1447 2120 oscillantis
1494 2064 1640 2121 simul
1683 2065 1979 2136 perueniant
2034 2066 2085 2120 in
2153 2065 2217 2121 fi-

449 2167 564 2212 tum
615 2153 900 2210 verticalem
944 2149 990 2205 C
1015 2151 1066 2205 H
1110 2151 1352 2223 fimulque
1393 2153 1446 2206 in
1490 2151 1634 2206 situm
1681 2163 1979 2204 extremum
2023 2149 2082 2206 D
2109 2148 2165 2208 G
2196 2191 2215 2220 ‚

446 2242 505 2296 in
550 2259 649 2314 quo
696 2253 798 2295 tota
840 2240 974 2293 linea
1024 2237 1086 2291 ad
1142 2238 1393 2308 temporis
1461 2235 1709 2309 punitum
1780 2234 1934 2289 veluti
1992 2234 2214 2308 quiescit.

447 2323 502 2383 Si
548 2344 673 2381 vero
717 2337 949 2398 putemus
991 2322 1182 2377 lineam
1228 2321 1287 2377 D
1311 2316 1364 2376 G
1408 2339 1438 2376 a
1480 2322 1601 2376 statu
1644 2321 1818 2393 quietis
1840 2320 2002 2376 versus
2019 2322 2213 2375 lineam

445 2411 743 2465 verticalem
793 2421 936 2464 motu
977 2408 1252 2462 accelerato
1297 2408 1568 2480 progredi,
1612 2418 1731 2460 tune
1786 2404 2215 2476 facile'‚intelligi-

443 2511 559 2551 mus
586 2539 598 2561 ,
625 2496 658 2548 fi
685 2495 866 2565 sing-ila
915 2494 1082 2564 virgae
1127 2493 1312 2564 puncsta
1354 2494 1468 2547 vim
1512 2490 1912 2546 acceleratricem
1962 2491 2213 2562 patiantur

440 2579 683 2634 distantiis
724 2580 1005 2632 eorundem
1049 2578 1079 2631 «21
1123 2578 1254 2631 linea
1297 2577 1519 2630 verticuli
1574 2575 1855 2629 constanter
1919 2575 2208 2647 proportio-

445 2664 618 2719 nalem
644 2705 659 2733 ,
704 2662 812 2716 fore
856 2674 971 2715 tunc
1019 2672 1073 2713 vt
1116 2660 1299 2732 singula
1344 2663 1498 2715 etiarn
1539 2659 1724 2732 puncta
1768 2657 1913 2712 simul
1964 2660 2018 2715 in
2054 2660 2209 2715 fitum

445 2747 608 2803 lineae
653 2746 902 2802 verticalis
945 2746 1256 2819 perueniant.
1344 2744 1516 2817 Igitur
1542 2745 1656 2801 {itus
1696 2744 1869 2816 virgae
1909 2745 2096 2816 vbique
2129 2755 2208 2798 ta-

444 2831 507 2889 fis
548 2833 645 2893 effe
688 2833 883 2907 debet,
927 2843 985 2892 vt
1029 2832 1106 2895 vis
1144 2830 1470 2892 acceleratim
1512 2848 1612 2910 pro
1627 2855 1634 2902 j
1651 2831 1828 2906 quouis
1868 2828 2038 2904 virgae
2075 2845 2209 2904 pun-

1865 2935 1896 2944 -
2120 2913 2259 2989 aa.
