2451 3569
464 239 491 274 1
511 239 532 272 1
546 238 579 274 0
629 217 753 274 EM
758 211 1060 273 ENDATI
1065 212 1116 271 O
1149 210 1563 270 TABVLARV
1560 213 1632 270 M
1673 212 1769 271 AS
1777 207 1990 270 TRON
1992 210 2117 270 OM
2121 203 2199 270 lc
2204 250 2219 266 .

463 370 608 428 facile
669 384 765 441 pro
810 366 979 438 quouis
1033 362 1229 436 planeta
1280 373 1425 417 terna
1466 375 1661 420 tantum
1708 366 1954 421 eiusmodi
1999 364 2112 419 loca
2158 376 2228 418 ex

472 469 609 510 tanta
673 452 1080 507 obseruationum
1137 448 1454 504 multitudiue
1508 449 1718 503 deriuari
1761 464 1956 522 queant.
2049 448 2231 519 Neque

467 557 592 596 vero
647 540 707 594 ad
758 538 885 592 istud
943 537 1217 590 institutum
1271 546 1441 589 ternae
1493 533 1859 588 obseruationes
1912 548 2232 608 quaecunque

468 616 854 682 heliocentricae
895 620 1003 674 sunt
1046 621 1472 673 accommodatae
1499 663 1513 689 ,
1565 619 1644 674 sed
1687 618 1934 674 eiusmodi
1983 623 2083 675 tria
2126 620 2236 673 loca

470 711 779 780 requiruntur
801 749 816 775 ,
887 720 1012 778 quae
1080 705 1134 758 in
1192 703 1353 758 orbita
1410 705 1636 776 planetae
1680 703 1788 758 finis
1839 721 1868 758 a
1922 701 1969 756 se
2011 706 2238 759 inuicem

472 796 564 850 lint
606 804 803 846 remota
829 835 844 862 ‚
888 806 955 844 ex
996 806 1098 861 quo
1142 787 1436 861 intelligitur
1491 790 1747 844 maiorem
1803 788 2034 843 locorum
2077 787 2240 843 helio·

473 877 811 934 centticorum
882 891 1151 937 numerum
1225 891 1320 945 pro
1374 875 1567 948 singulis
1624 874 1834 947 planetis
1876 872 2096 945 requiri,
2140 888 2242 944 quo

475 962 696 1018 delectus
736 974 994 1016 ternarum
1050 958 1461 1016 obseruationum
1530 960 1762 1016 maxime
1828 959 2122 1014 idonearum
2167 959 2245 1012 in·-

478 1049 613 1106 stitui
654 1059 818 1118 queat.

638 1124 687 1189 5.
720 1151 778 1199 3.
826 1132 955 1185 Tres
996 1141 1165 1186 autem
1211 1129 1433 1186 omnino
1478 1130 1724 1186 habentur
1768 1131 1910 1186 modi
1969 1146 2037 1185 ex
2082 1128 2249 1185 obser-

478 1216 766 1272 vationibus
810 1217 1120 1288 planetarum
1175 1217 1284 1270 loca
1337 1215 1692 1270 heliocentrica
1745 1216 2120 1285 concludendi,
2165 1213 2253 1287 qui

488 1318 669 1356 omnes
724 1302 995 1356 absolutam
1050 1318 1107 1354 ac
1162 1299 1439 1371 perfectam
1497 1299 1609 1353 solis
1661 1301 1914 1355 theoriam
1962 1299 2254 1373 postulant:

485 1403 639 1459 quam
684 1387 889 1457 quidem
934 1397 1173 1457 tanquam
1218 1382 1327 1439 finis
1369 1384 1631 1456 cognitam
1669 1387 1919 1438 affumere
1963 1387 2109 1450 licet,
2132 1400 2255 1439 cum

486 1489 546 1526 ea
592 1487 682 1542 per
726 1469 1032 1526 methodum
1086 1480 1200 1522 ante
1254 1469 1539 1541 expofitam
1596 1484 1663 1522 ex
1706 1468 2125 1524 obseruationibus
2167 1481 2260 1523 ex-

489 1555 735 1611 azstiffime
779 1555 950 1625 colligi
995 1564 1158 1627 queat.
1250 1552 1446 1607 Primus
1491 1554 1675 1608 modus
1717 1554 1938 1609 confistit
1992 1555 2047 1608 in
2092 1550 2263 1608 obser·

493 1641 698 1695 vatione
743 1639 1079 1711 oppositionis
1122 1636 1350 1710 cuiusque
1396 1638 1627 1711 planetae
1670 1657 1790 1695 cum
1835 1639 1936 1694 sole
1962 1681 1977 1708 ,
2022 1639 2263 1712 quivero

494 1737 693 1780 tantum
751 1725 813 1779 ad
873 1723 1094 1795 planetas
1147 1722 1416 1794 superiores
1460 1736 1639 1795 patet,
1697 1742 1815 1780 cum
1861 1725 1916 1779 in
1958 1725 2267 1779 inferioribus

496 1809 758 1883 oppofitio
799 1808 905 1864 solis
947 1823 1201 1879 nunquam
1246 1808 1526 1880 contingat.
1613 1808 1798 1882 Neque
1837 1824 1968 1864 vero
2013 1809 2268 1882 oppositio

498 1896 812 1968 planetarum
867 1892 1091 1964 respectu
1146 1892 1255 1946 solis
1311 1893 1611 1947 immediate
1658 1893 1904 1951 obseruari
1948 1895 2138 1967 potest,
2185 1892 2269 1949 sed

500 1996 560 2034 ea
605 1980 817 2034 demum
878 1994 947 2030 ex
993 1977 1214 2050 pluribus
1264 1976 1690 2032 obseruationibus
1751 1980 1884 2033 circa
1939 1979 2273 2052 oppositionis

503 2077 707 2136 tempus
749 2063 975 2118 institutis
1016 2063 1222 2118 deriuari
1264 2062 1429 2117 debet.
1512 2063 1601 2118 Ex
1646 2062 1931 2120 huiusmodi
1969 2064 2151 2119 scilicet
2175 2064 2273 2119 ob·

502 2149 855 2205 seruationibus
899 2164 991 2220 per
1034 2148 1483 2220 computationem
1530 2165 1709 2203 verum
1767 2163 2095 2205 momentum
2141 2138 2276 2205 teni-

508 2238 647 2308 poris
671 2280 685 2304 ,
728 2251 831 2306 quo
874 2235 1074 2305 planeta
1117 2233 1206 2287 soli
1244 2249 1272 2286 e
1315 2233 1566 2288 diametro
1629 2238 1906 2306 opponitur
1927 2281 1944 2307 ‚
1999 2235 2234 2290 definitur
2257 2276 2273 2304 ‚

507 2336 612 2392 quo
657 2318 763 2392 ipso
807 2332 1080 2374 momento
1120 2318 1256 2374 locus
1299 2329 1455 2373 terrae
1499 2318 1877 2376 heliocentricus
1901 2338 2017 2376 cum
2043 2320 2278 2393 planetae

511 2405 630 2460 loco
694 2404 1058 2460 heliocentrico
1125 2417 1411 2477 congruet·⁷
1476 2405 1720 2481 fiquidem
1800 2408 2001 2478 planeta
2053 2405 2109 2459 in
2177 2401 2280 2476 ipsit

516 2490 746 2560 ecliptica
791 2491 983 2544 moueri
1038 2502 1270 2564 ponatur.
1313 2491 1509 2566 Quodfi
1549 2502 1716 2544 autem
1763 2491 1962 2562 planeta
2005 2506 2123 2551 cum
2168 2487 2280 2543 lati-

518 2575 689 2628 tudine
731 2573 1010 2628 obseruetur
1032 2619 1047 2644 ‚
1102 2588 1213 2628 tum
1270 2576 1393 2628 istud
1444 2587 1773 2628 momentum
1831 2575 2160 2647 oppofitionis
2212 2588 2281 2628 ex

522 2657 942 2713 obseruationibus
985 2658 1253 2712 collectum
1300 2659 1539 2712 vlteriore
1581 2660 1896 2714 correctione
1947 2661 2140 2732 indiget
2164 2702 2178 2729 ‚
2220 2669 2283 2713 vt

525 2759 645 2798 vera
689 2742 946 2815 oppofitio
972 2742 1238 2797 secundum
1265 2742 1637 2816 longitudinem
1664 2745 1964 2815 inueniatur,
1989 2745 2039 2799 in
2067 2760 2170 2816 quo
2193 2759 2284 2798 ne-

525 2830 671 2905 gotio
693 2828 794 2905 ipsa
848 2828 953 2884 iam
1000 2828 1232 2905 planetae
1277 2827 1472 2888 theoria
1505 2828 1636 2904 quafi
1681 2832 1885 2908 cognita
1909 2829 2085 2888 affumi
2109 2828 2278 2903 debet.

2151 2915 2197 2986 §-
2221 2929 2283 2984 4·
