2451 3569
386 326 1177 409 INVESTIGATIO
1235 321 1863 406 CVRVARVM

255 448 468 526 QVAE
513 448 925 507 EvoLVTAE
967 444 1083 501 ενι
1131 442 1424 502 SIM1LES
1474 440 1945 504 PRODVCVNT

913 550 989 609 A.
1019 548 1084 605 L.
1113 548 1311 607 Eulem.

1030 722 1080 787 §.
1117 735 1144 772 1
1158 759 1172 774 .

224 803 345 995 In
389 854 481 911 hac
525 853 858 911 dissertatione
901 853 1104 908 nomini
1147 848 1462 906 euolutarum
1529 848 1782 923 aliquanto
1850 849 1999 911 latio·
2022 892 2099 935 nb
2122 892 2157 935 ,ο

351 958 463 994 rem
506 939 922 1011 significationem
968 941 1134 994 tribuo
1161 983 1176 1010 ,
1244 954 1400 1010 quam
1470 936 1624 1009 vulgo
1669 936 1780 992 fieri
1834 937 1956 995 solet
1983 981 1999 1010 ,
2102 926 2110 936 ’

223 1044 283 1083 ac
327 1043 430 1079 non
475 1024 632 1079 solum
674 1042 790 1080 eam
835 1043 1076 1094 curnam,
1122 1041 1190 1078 ex
1229 1025 1366 1078 cuius
1390 1025 1679 1077 euolutione
1712 1023 1828 1077 data
1851 1040 2000 1080 curua

223 1112 432 1168 nascitur
455 1153 472 1181 ,
516 1110 658 1167 huius
681 1111 937 1166 euolutam
964 1111 1169 1185 appello
1192 1154 1208 1180 ,
1253 1110 1331 1164 sed
1375 1109 1571 1182 insuper
1610 1108 1868 1165 euolutam
1906 1108 2001 1164 hu-

222 1198 298 1256 ius
364 1197 588 1252 euolutae
613 1208 653 1267 ,'
714 1197 1035 1271 fimiliterque
1101 1195 1386 1251 vniuersam
1452 1212 1711 1250 cumarum
1784 1193 1957 1250 seriem
1982 1239 1999 1267 ‚

220 1300 437 1357 quatum
484 1283 731 1356 quaelibet
777 1284 1116 1357 praecedentis
1162 1283 1232 1338 est
1277 1282 1528 1356 euoluta3
1575 1283 1784 1336 interim
1830 1293 2001 1336 tamen

221 1369 327 1427 hoc
368 1368 632 1425 discrimen
678 1370 732 1423 in
768 1370 1183 1424 denominatione
1226 1367 1499 1422 obseruabo
1528 1412 1543 1438 ,
1583 1381 1640 1420 vt
1664 1368 1818 1438 ipsam
1853 1369 2001 1424 datae

216 1470 400 1513 curu-ae
453 1456 711 1508 euolutam
739 1497 754 1523 ,
821 1469 945 1525 qnae
988 1454 1089 1507 hoc
1140 1453 1350 1506 nomine
1417 1452 1640 1523 insigniri
1706 1451 2001 1523 consueuit,

218 1542 325 1597 eius
369 1537 624 1594 euolutam
671 1540 894 1612 primam
937 1537 1194 1611 appellem
1223 1581 1238 1607 ,
1281 1536 1421 1591 huius
1466 1553 1590 1591 vero
1635 1536 1892 1590 euolutam
1930 1536 2000 1593 se-

220 1627 442 1682 cundam
470 1668 485 1696 ,
532 1641 754 1698 eamque
810 1641 879 1679 ex
919 1626 1056 1682 cuius
1121 1623 1406 1678 euolutione
1451 1621 1537 1676 ista
1582 1619 1791 1676 nascitur
1817 1665 1832 1691 ,
1901 1635 2000 1676 ter-

221 1713 352 1768 tiam
399 1724 549 1784 atque
586 1713 655 1766 ita
699 1728 873 1783 porro,
963 1709 1046 1766 Sic
1091 1709 1128 1763 fi
1171 1711 1313 1764 datae
1384 1725 1563 1762 curuae
1606 1707 1657 1762 A
1703 1707 1901 1762 euoluta
1940 1709 2000 1764 sit

221 1813 371 1852 curua
417 1794 464 1850 Β
490 1841 504 1865 ,
549 1813 727 1850 curuae
769 1807 939 1849 autem
986 1792 1033 1847 B
1074 1793 1280 1847 euoluta
1326 1786 1373 1844 C
1399 1834 1414 1860 ,
1457 1805 1604 1864 atque
1649 1791 1790 1846 huius
1823 1810 1999 1848 curuae

225 1878 275 1935 C
316 1880 519 1935 euoluta
562 1879 661 1949 D,
705 1879 970 1952 huiusque
982 1877 1038 1933 E
1077 1890 1130 1932 et
1173 1877 1242 1932 ita
1287 1877 1566 1948 deincepS‚
1609 1877 1703 1930 erit
1748 1877 1875 1931 mihi
1924 1895 1999 1932 re-

221 1963 393 2039 spestu
434 1980 610 2020 curu-ae
656 1964 709 2020 A
753 1981 905 2020 curua
949 1962 997 2039 Β
1039 1963 1241 2018 euoluta
1287 1963 1494 2035 prima,
1539 1979 1688 2017 curua
1736 1958 1781 2016 C
1827 1963 2000 2018 euolua

222 2062 277 2108 ta
301 2050 545 2122 secunda,
589 2068 734 2107 curua
757 2047 816 2105 D
841 2051 1040 2106 euoluta
1063 2051 1240 2120 tertia,
1284 2048 1333 2103 E
1359 2062 1532 2121 quarta
1557 2062 1703 2121 atque
1728 2049 1796 2103 ita
1824 2066 1996 2122 porro,

384 2138 431 2204 §.
465 2153 520 2190 2
570 2136 682 2192 Hac
737 2138 880 2192 vocis
921 2137 1150 2193 euolutae
1217 2134 1573 2208 fignificatione
1641 2135 1899 2207 praemiffa
1945 2138 1998 2190 in
2089 2169 2091 2172 <

225 2222 323 2281 hac
367 2223 702 2279 dissertatione
744 2223 796 2276 in
819 2240 899 2279 eas
936 2240 1108 2279 curuas
1149 2222 1392 2295 inquirere
1438 2221 1668 2276 constitui
1696 2263 1708 2287 ,
1780 2239 1996 2292 quarum

227 2312 458 2365 euolutae
500 2309 582 2363 vel
626 2311 821 2382 primae
865 2311 950 2366 vel
993 2308 1240 2364 &eundae
1265 2307 1347 2362 vel
1391 2309 1563 2362 tertiae
1607 2319 1702 2360 etc,
1743 2307 1859 2379 ipsis
1902 2307 1997 2362 sint

229 2394 430 2452 ssmiles.
521 2395 674 2471 Quod
717 2396 926 2466 quidem
970 2397 1034 2450 ad
1079 2395 1300 2448 euolutas
1341 2395 1533 2466 primas
1586 2392 1767 2448 attinet
1807 2410 1835 2448 a
1863 2393 1997 2448 Viro

228 2477 516 2537 Clarissimo
559 2481 691 2536 Prof.
739 2480 898 2537 Krafft
956 2483 1057 2537 iam
1104 2480 1175 2534 est
1217 2477 1465 2535 ostensum
1494 2524 1509 2551 ,
1580 2493 1779 2552 praeter
1847 2478 1996 2553 spira-

226 2563 336 2620 lem
405 2567 811 2640 logarithmicam
869 2584 922 2623 et
961 2566 1247 2639 cycloidem
1293 2566 1411 2621 alias
1478 2583 1583 2621 non
1632 2565 1737 2621 dari
1781 2581 1951 2620 curuas
1975 2605 1993 2632 ,

226 2666 352 2722 quae
393 2668 511 2705 cum
555 2653 644 2708 suis
687 2655 900 2711 euolutis
941 2654 1117 2728 primis
1150 2655 1497 2726 conueniant3
1543 2668 1691 2724 atque
1734 2653 1872 2707 idem
1898 2650 1995 2706 alia

229 2735 485 2792 methodo
527 2738 610 2792 hic
653 2739 757 2793 sum
804 2742 1221 2797 demonstraturus
1244 2783 1259 2811 ,
1300 2757 1427 2812 quae
1467 2740 1613 2795 simul
1653 2740 1791 2793 viam
1846 2752 1993 2808 prae-

201 2822 369 2901 'patet
408 2823 472 2881 ad
515 2840 600 2881 eas
639 2840 807 2884 cumas
847 2828 1206 2899 inuestigandas
1229 2870 1247 2899 ‚
1282 2843 1413 2902 quae
1437 2826 1621 2884 similes
1644 2823 1736 2881 fint
1760 2823 1850 2880 suis
1869 2839 1987 2878 euo-

986 2913 1043 2969 A
1069 2929 1105 2965 2
1878 2907 1994 2965 lutis
