2451 3569
522 244 549 289 x
566 248 640 303 14
684 216 1168 292 EMENDATIO
1214 217 1429 282 TABV
1427 221 1636 285 LARV
1632 218 1709 287 M
1733 217 2269 286 ASTRONOMIC.

670 382 718 449 §.
748 401 806 451 9.
854 379 1143 454 Negotium
1189 377 1338 450 igitur
1362 421 1377 448 ,
1420 377 1557 448 quod
1598 377 1647 432 in
1692 377 1785 433 hac
1810 379 2144 434 dissertatione
2174 379 2277 435 mi·

515 469 571 526 hi
619 469 996 540 expediendum
1039 464 1184 519 sumfi
1210 508 1224 534 ,
1267 466 1319 518 in
1363 463 1465 517 hoc
1512 462 1700 535 constat
1723 506 1738 531 ,
1779 477 1839 518 vt
1884 465 2068 520 tabulas
2121 458 2276 517 astro·

518 555 750 610 nomicas
807 554 894 608 vsu
937 564 1160 621 receptas
1186 592 1200 617 ,
1245 566 1368 620 quae
1413 548 1620 620 quidem
1665 547 1726 600 ad
1773 563 1947 604 veram
2018 550 2274 605 theoriam

515 653 688 696 motus
733 640 1048 709 planetarum
1096 633 1190 686 sint
1234 633 1541 686 construit-ae
1566 675 1582 702 ,
1640 648 1731 704 per
1798 631 1984 702 aliquot
2050 634 2270 689 obserua-

513 727 678 779 tiones
722 722 799 775 {eu
843 723 952 776 loca
980 717 1294 790 geocentrica
1318 718 1571 790 corrigam
1598 759 1614 786 ,
1649 730 1795 788 atque
1820 715 2060 773 definiam
2086 763 2102 789 ‚
2124 735 2275 793 quan·

512 820 631 863 tum
678 808 791 862 illae
833 823 860 861 a
905 807 1113 860 veritate
1157 803 1481 874 diflentiant3
1529 818 1697 856 errore
1737 803 1878 857 enim
1946 804 2152 875 cognito
2202 816 2277 859 ta·

515 892 663 948 bulae
706 895 863 948 etiam
911 889 1146 944 maxime
1190 887 1393 943 vitiosae
1434 886 1563 943 facili
1609 887 1822 958 negotio
1864 887 2278 944 emendabuntur.

513 977 580 1035 In
630 976 749 1052 {hoc
804 988 975 1032 autem
1030 975 1252 1029 instituto
1321 972 1445 1046 ipsas
1509 973 1840 1028 aberrationes
1909 973 2188 1028 tabularum
2251 990 2319 1028 a.

517 1066 726 1119 veritate
754 1105 769 1131 ‚
819 1064 869 1117 in
915 1077 1032 1132 quas
1078 1060 1275 1131 inquiro
1300 1102 1316 1131 ,
1356 1071 1592 1131 tanquam
1637 1059 1928 1130 quantitates
1949 1059 2146 1113 infinite
2167 1074 2282 1130 par·

482 1164 602 1203 'vas
647 1149 728 1201 seu
773 1146 1117 1210 differentiales
1156 1144 1263 1199 sum
1305 1143 1735 1216 contemplaturus
1759 1187 1776 1214 ‚
1819 1144 1890 1198 ita
1936 1156 1995 1198 vt
2034 1143 2285 1216 termini,

515 1233 571 1288 in
614 1232 788 1307 quibus
833 1247 1006 1286 earum
1051 1229 1216 1302 plures
1258 1229 1592 1285 dimensiones
1635 1240 1939 1300 occurrunt,
1985 1240 2100 1284 tuto
2126 1229 2288 1301 negli-

520 1319 574 1390 gi
617 1325 817 1391 queant.
908 1315 1199 1369 Videndum
1245 1314 1401 1386 igitur
1441 1314 1536 1367 erit
1559 1356 1575 1383 ‚
1620 1325 1863 1385 quantum
1904 1315 2019 1370 loca
2053 1313 2289 1387 planetae

507 1405 761 1460 obseruata
806 1417 837 1456 a
879 1399 1001 1456 locis
1027 1444 1042 1471 ,
1087 1415 1216 1472 quae
1259 1397 1452 1454 tabulae
1494 1414 1594 1470 pro
1636 1397 1813 1453 iisdem
1837 1400 2150 1471 temporibus
2171 1398 2285 1473 sup·

514 1491 750 1563 peditant
775 1531 791 1557 ,
834 1503 954 1541 cum
1014 1485 1285 1539 secundum
1352 1483 1717 1556 longitudinem
1786 1495 1898 1538 tum
1965 1483 2285 1539 latitudinem
2364 1546 2366 1549 .

511 1575 785 1642 differant,
828 1586 954 1644 quae
997 1567 1098 1641 ipfia
1143 1567 1427 1624 discrimina
1467 1581 1576 1622 tam
1622 1580 1769 1622 erunt
1836 1568 2022 1640 exigua
2046 1611 2062 1638 ‚
2104 1582 2164 1624 vt
2205 1569 2288 1637 in-

510 1660 610 1717 star
651 1658 983 1731 quantitatum
1023 1651 1430 1714 differentialium
1455 1651 1660 1708 traCtari
1685 1664 1886 1726 queant3
1911 1654 2089 1709 deinde
2113 1670 2182 1709 ex
2204 1654 2291 1712 his

508 1744 628 1818 ipfis
670 1742 968 1799 differentiis
1007 1738 1207 1794 definiri
1250 1739 1452 1793 debebit
1474 1781 1490 1809 ‚
1535 1750 1779 1810 quantum
1823 1751 1876 1793 et
1914 1739 2088 1811 quibus
2130 1739 2183 1794 in
2207 1740 2286 1796 lo-

513 1831 588 1887 cis
626 1828 825 1884 tabulae
870 1825 1220 1881 immutandae
1260 1824 1356 1882 (int
1378 1867 1396 1897 ‚
1435 1836 1497 1880 vt
1534 1840 1656 1880 cum
1701 1823 2124 1892 obseruationibus
2148 1873 2150 1875 .
2163 1841 2287 1901 per-

517 1914 782 1973 stetiffime
820 1910 1143 1969 consentiant.

676 2086 725 2154 §.
761 2098 856 2139 10.
905 2082 1169 2161 Quoniam
1216 2091 1388 2139 autem
1431 2081 1626 2138 orbitae
1666 2081 1980 2155 planetarum
2044 2081 2279 2138 determi-

513 2172 626 2230 nari
669 2188 737 2227 ex
786 2170 1208 2226 obstinationibus
1251 2169 1550 2225 terrestribus
1593 2186 1697 2223 non
1740 2167 1942 2241 poffimt
1968 2214 1983 2240 ‚
2028 2168 2114 2223 nisi
2135 2171 2278 2224 -orbi-

511 2271 564 2315 ta
608 2271 765 2313 terrae
812 2255 1037 2329 perfecie
1079 2256 1136 2311 fit
1178 2258 1382 2328 cognita
1408 2300 1422 2326 ‚
1467 2272 1580 2310 eam
1633 2254 1715 2309 hic
1762 2266 2000 2326 tanquam
2057 2253 2280 2327 perfeete

509 2346 774 2417 cognitam
814 2340 1008 2397 assumo
1034 2385 1050 2412 ,
1119 2341 1188 2395 ita
1234 2353 1289 2395 vt
1331 2342 1433 2397 eius
1476 2357 1577 2412 ope
1628 2341 1765 2395 locus
1840 2338 1955 2403 solis
2004 2341 2063 2395 ad
2115 2341 2279 2412 quod-

515 2431 595 2484 vis
637 2442 835 2502 tempus
875 2427 977 2482 fine
1020 2425 1129 2481 vllo
1169 2443 1336 2481 errore
1395 2426 1620 2499 affignari
1688 2436 1850 2498 queat.
1935 2424 2023 2479 Ad
2069 2436 2275 2480 motum

512 2515 717 2586 quidem
763 2513 876 2567 solis
916 2512 1263 2568 definiendum
1322 2515 1555 2567 maxime
1621 2509 2010 2565 accommodata
2053 2510 2124 2564 est
2163 2527 2274 2564 me-

512 2598 697 2653 thodus
738 2597 876 2669 supra
930 2610 1215 2652 memorata
1283 2594 1664 2650 determinandi·
1713 2595 1896 2649 orbitas
1961 2595 2275 2668 planetarum
2314 2633 2316 2652 i

512 2699 583 2739 ex
625 2684 777 2738 tribus
817 2682 941 2736 locis
984 2680 1393 2751 heliocentrici53
1464 2697 1643 2735 verum
1706 2690 1879 2734 tamen
1946 2679 2028 2737 hic
2074 2695 2271 2753 quoque

515 2769 733 2831 modum
778 2768 1031 2822 trademus
1073 2764 1327 2819 theoriam
1371 2764 1477 2821 solis
1520 2781 1868 2838 quamcunque
1892 2809 1907 2834 ,
1942 2766 1976 2829 fi
2001 2764 2276 2820 correbtio-

516 2872 584 2912 ne
637 2863 782 2929 egeat
804 2895 821 2926 ,
883 2868 974 2930 per
1040 2849 1401 2910 obseruationes
1467 2850 1766 2924 corrigendi,
1850 2849 2065 2925 Hocque
2084 2842 2087 2845 ’
2104 2849 2274 2907 modo

2111 2947 2272 2992 etlam
