2451 3569
224 179 338 247 DE
380 181 1079 269 DECLINAT.51DER.
1125 186 1679 257 DETERMINAT.
1707 195 1814 267 &e
1867 214 1990 271 357.

222 357 355 400 xam
395 341 622 397 claritate
665 342 983 415 conspicuam
1030 345 1078 399 in
1119 362 1410 420 quacunque
1452 349 1578 405 coeli
1625 352 1773 425 plaga
1818 357 1991 429 (prae-

225 430 319 484 stat
364 444 526 500 prope
570 427 953 499 Meridianum)
1010 444 1273 485 extantem
1333 434 1609 506 dirigatur,
1666 452 1718 491 et
1774 440 1823 493 in
1879 442 1983 499 hoc

219 516 314 572 fitu
366 515 431 568 ita
487 514 759 585 firmetur,
827 528 885 568 vt
943 515 1133 571 nullam
1178 517 1442 590 positionis
1485 519 1592 574 suae
1645 528 1984 584 mutationem

215 600 374 655 subire
416 600 606 675 possit3
649 601 844 673 singulis
889 614 1006 656 tunc
1063 601 1197 656 fixae
1251 605 1642 662 reuolutionibus
1698 610 1853 666 etiam
1912 615 1988 667 in·
2068 640 2074 648 ·-

223 689 385 743 terdiu
431 688 518 742 ista
560 704 651 761 per
699 688 877 743 tubum
924 702 1270 745 memoratum
1316 690 1565 747 obseruari
1610 697 1812 766 peterit.
1869 697 1986 754 Da·

215 772 352 830 bitur
421 790 544 846 ergo
618 791 710 846 per
774 774 1137 829 obseruationes
1190 776 1507 832 interuallum
1563 783 1812 853 temporis
1855 784 1986 842 intet

218 860 476 915 transitum
527 857 653 915 Solis
698 878 791 933 per
835 859 1178 915 Mendianurn
1228 874 1280 915 et
1305 863 1563 918 transitum
1609 865 1745 920 fixae
1780 886 1873 940 per
1907 888 1985 924 re-

216 946 427 1000 ticulum
475 942 544 999 sui
589 946 711 999 tubi.
798 947 858 1002 Si
901 945 1005 1001 iam
1052 947 1298 1010 eiusmodi
1343 950 1601 1006 interualla
1643 951 1840 1008 diuersis
1883 957 1985 1010 die-

217 1030 307 1085 bus
351 1044 522 1086 notata
566 1032 696 1086 inter
737 1031 783 1086 ie
823 1047 1185 1104 comparentur
1209 1076 1223 1102 ,
1272 1035 1547 1090 innotescet
1572 1080 1586 1105 ,
1629 1053 1870 1109 quantum
1896 1038 1990 1099 Sol

214 1115 406 1174 interea
453 1118 515 1173 ad
560 1118 724 1174 fixam
767 1117 1021 1190 accefferit
1065 1118 1151 1170 vel
1197 1119 1258 1171 ab
1300 1135 1359 1172 ea
1403 1121 1649 1174 receflerit
1691 1124 1744 1177 in
1780 1128 1989 1197 Aequa-

217 1214 366 1274 tore,
414 1203 513 1258 hoc
556 1203 662 1273 est,
706 1205 956 1258 dabuntur
1009 1199 1345 1257 Differentiae
1403 1204 1766 1262 Ascensionum
1824 1211 1987 1267 resta-

215 1304 333 1347 rum
377 1287 483 1346 Soli
526 1290 842 1363 temporibus
885 1286 1289 1346 obseruationum
1320 1334 1335 1362 ‚
1403 1293 1831 1368 competentium.

375 1460 515 1522 Cum
562 1477 755 1521 tantam
801 1462 854 1520 in
898 1462 1216 1539 acquisitione
1259 1467 1489 1524 datorum
1515 1513 1530 1539 ‚
1600 1486 1725 1543 quae
1787 1490 1989 1547 praece-

212 1550 336 1606 dens
380 1554 642 1625 problema
686 1553 886 1625 requirit
913 1597 927 1622 ‚
982 1553 1273 1609 facilitatem
1330 1569 1381 1609 et
1448 1557 1804 1614 certitudinem
1875 1564 1990 1617 ani-

213 1635 625 1711 maduerteremi,
673 1637 835 1711 ipsum
883 1656 1008 1694 vero
1053 1640 1319 1712 problema
1365 1640 1608 1697 calculum
1655 1661 1835 1718 aptum
1880 1665 1986 1705 non

212 1724 546 1798 admitteret3
593 1725 714 1779 istud
759 1725 1016 1797 paululum
1064 1728 1257 1781 mutaui
1286 1769 1300 1796 ‚
1348 1740 1409 1782 vt
1450 1728 1751 1787 tratstabilius
1806 1735 1987 1790 euade-

215 1824 306 1865 ret.
393 1810 656 1866 Introduxi
700 1810 879 1866 scilicet
923 1815 1017 1867 iter
1060 1830 1087 1866 a
1118 1810 1238 1868 Sole
1282 1815 1331 1868 in
1385 1814 1636 1886 Ecliptica
1691 1817 1985 1876 confestum

210 1895 276 1950 ab
320 1912 420 1951 vna
468 1896 804 1966 obseruatione
848 1914 1005 1971 x'sque
1047 1901 1108 1954 ad
1166 1900 1395 1955 alteram.
1491 1899 1606 1957 Sint
1632 1946 1646 1974 ‚
1704 1917 1763 1958 rt
1832 1920 1943 1961 ante
1969 1951 1984 1978 ,

215 1981 268 2039 E
294 1978 340 2036 C
381 1983 630 2057 Ecliptica
670 1980 720 2040 E
746 1979 798 2039 G
843 1999 1080 2058 aequator
1106 2030 1119 2056 ,
1166 1986 1216 2041 E
1258 1988 1504 2059 punitum
1559 1990 1921 2062 aequinoctiale
1965 2011 2145 2066 ,αξη

219 2065 311 2125 Sol
352 2072 523 2142 primo
564 2072 614 2124 in
661 2072 709 2126 A
740 2115 754 2142 ,
795 2072 978 2126 deinde
1035 2073 1089 2126 in
1133 2070 1178 2128 C
1239 2073 1563 2149 obseruatu53
1612 2076 1662 2130 A
1690 2075 1746 2131 D
1771 2122 1787 2149 ‚
1859 2075 1904 2134 C
1929 2075 1981 2135 G

210 2155 383 2211 circuli
428 2157 820 2213 declinationum
865 2160 917 2213 in
964 2159 1090 2232 polo
1133 2162 1413 2232 aequatoris
1465 2158 1503 2216 P
1566 2177 1914 2218 concurrentes
1962 2183 1978 2238 ς

213 2237 261 2295 C
286 2261 314 2298 c
356 2242 634 2300 differentia
701 2245 1097 2301 declinationum
1126 2290 1140 2315 ,
1209 2243 1342 2302 DG
1399 2247 1675 2302 differentia
1743 2250 1980 2306 ascensio-

214 2344 357 2384 numv
382 2331 634 2386 rectarum
658 2372 674 2401 ‚
717 2346 927 2404 Vtraque
972 2350 1063 2405 per
1107 2330 1472 2388 obseruationes
1539 2335 1670 2388 data.
1774 2335 1979 2410 Suppo-

212 2412 285 2468 sui
330 2432 490 2488 erg0‚
535 2418 640 2491 dari
685 2434 880 2491 quoque
924 2435 1098 2473 arcum
1148 2417 1425 2491 Eclipticae
1477 2420 1531 2474 A
1558 2414 1604 2482 C
1630 2465 1646 2492 ‚
1688 2438 1841 2493 quem
1887 2421 1979 2480 Sol

213 2501 274 2554 ab
322 2519 422 2556 vna
463 2503 798 2559 obseruatione
844 2521 997 2578 vsque
1041 2504 1103 2558 ad
1159 2505 1369 2561 alteram
1437 2504 1665 2561 emensus
1722 2509 1792 2564 est
1860 2510 1978 2565 Hoc

213 2586 518 2658 suppositum
560 2591 760 2661 quidem
806 2608 910 2645 non
964 2591 1343 2646 admittendum
1413 2592 1508 2646 esse
1576 2593 1744 2665 prima
1811 2594 1978 2650 fronte

215 2674 456 2741 videtur,
497 2690 614 2729 cum
660 2675 914 2732 theoriam
962 2677 1098 2733 Solis
1152 2679 1372 2750 requirat
1415 2680 1637 2751 adeoque
1704 2679 1974 2752 hypotesm

216 2758 635 2814 obseniationibus
675 2761 971 2816 immisceat.
1063 2763 1310 2818 Attamen
1355 2782 1408 2819 re
1455 2762 1691 2837 perpensa
1748 2765 1974 2835 credidi,

216 2860 399 2921 parum
444 2848 641 2922 peccari
679 2846 820 2923 posse
860 2850 911 2904 in
953 2849 1376 2909 determinatione
1420 2851 1705 2926 quantitatis
1747 2868 1884 2907 arcus
1922 2849 1976 2907 A

998 2932 1192 3005 Yya
1880 2934 1974 3009 C,
