2451 3569
476 239 593 300 ,27⁸
781 223 891 281 DE
936 178 1266 280 VIRIBVS‘
1310 205 1893 274 ATTRACTIONIS

477 382 689 438 tandem
734 373 936 431 coaetus
973 370 1043 426 est
1067 413 1081 440 ,
1125 367 1313 423 nullam
1341 365 1388 421 se
1414 364 1648 421 inueniffe
1686 363 2026 421 distantiarum
2063 356 2248 417 funed-

482 484 637 522 onem
666 509 680 535 ,
725 478 852 536 quae
920 457 1297 531 proportionem
1364 449 1670 506 attrazstionis
1725 450 2029 521 exhiberet3
2085 461 2247 520 neque

485 555 641 608 etiam
687 549 796 604 fieri
841 538 1201 601 attractionem
1247 537 1365 592 ferri
1407 537 1468 592 ad
1543 547 1836 608 magnetem
1880 535 1932 586 in
1988 533 2249 606 proporti-

487 654 589 693 one
640 635 798 704 aliqua
842 626 1199 701 magnitudinis
1252 621 1572 694 superficiei,
1631 636 1754 694 quae
1809 619 2034 689 magneti
2085 634 2250 692 oppo-

489 723 640 777 nitur.
698 716 937 778 Tandem
990 723 1157 767 autem
1215 710 1267 764 in
1310 708 1448 762 edito
1505 706 1605 762 hoc
1651 722 1785 760 anno
1829 718 1986 775 opere
2041 704 2260 774 praecla-

490 804 682 862 riffimo
709 848 723 875 ‚
768 797 910 876 Effaz'
955 799 1014 854 de
1060 794 1296 871 Phystque
1353 810 1470 866 pag.
1535 800 1670 849 280.
1729 790 1924 846 detexit
1951 828 1970 859 ‚
2023 787 2130 842 dari
2171 788 2255 843 ali-

493 907 648 965 quam
706 889 835 943 inter
891 884 1212 941 attractiones
1265 881 1478 935 duarum
1536 877 1857 951 sphaerarum
1887 919 1902 947 ,
1956 874 2262 947 magneticae

494 990 549 1032 et
592 976 776 1029 terreae
801 1017 816 1043 ,
859 969 1144 1044 aequalium
1200 967 1590 1039 proportionem
1620 1007 1634 1032 ‚
1699 979 1877 1035 easque
1933 959 2032 1016 effe
2087 960 2138 1013 in
2183 962 2260 1012 ra-

489 1061 641 1117 ·tione
683 1058 868 1114 inuersa
913 1055 1277 1129 quadruplicata
1330 1049 1599 1122 spatiorum
1627 1064 1871 1102 canorum
1890 1091 1904 1118 ,
1945 1062 2073 1118 quae
2116 1045 2268 1099 inter-

265 1169 356 1212 τὼ,
387 1167 459 1210 vl.
502 1146 659 1220 pofita
712 1144 812 1198 fint
834 1139 1085 1196 succeffiue
1127 1140 1254 1192 inter
1299 1148 1563 1207 Vtramque
1603 1133 1878 1205 sphaeram.
1965 1131 2041 1186 Vt
2095 1128 2134 1185 fi
2173 1128 2267 1185 fint

290 1225 359 1277 fig·
395 1236 433 1265 ¹·
499 1232 630 1286 duae
682 1226 918 1299 sphaerae
951 1221 1188 1297 ¹aequales
1211 1266 1226 1291 ,
1270 1222 1554 1292 magnetica
1611 1221 1662 1272 A
1686 1216 1733 1272 B
1800 1229 1852 1271 et
1894 1216 2050 1272 ferrea
2091 1212 2138 1271 C
2159 1213 2220 1272 D
2247 1250 2264 1283 ‚

503 1315 599 1371 effe
641 1311 998 1368 attractionem
1045 1305 1393 1378 magneticam
1452 1320 1549 1376 pro
1604 1302 1802 1356 diuersis
1865 1301 2102 1357 distantiis
2156 1301 2207 1356 E
2229 1300 2272 1356 F

505 1401 559 1456 in
602 1399 798 1455 ratione
843 1393 1033 1451 inuersa
1088 1390 1459 1465 quadruplicata
1517 1386 1654 1460 spatii
1698 1385 1974 1457 interpositi
2029 1386 2277 1454 cylindra-

507 1487 587 1542 cei
631 1486 686 1540 A
713 1483 760 1542 C
789 1482 830 1539 F
854 1480 913 1537 D
938 1477 985 1534 B
1007 1479 1074 1535 E.
1160 1477 1336 1551 Quam
1387 1473 1614 1545 regulam
1673 1472 1803 1526 haud
1859 1469 1972 1524 sane
2025 1469 2279 1525 inconcin-

420 1564 422 1567 ’
511 1587 634 1627 nam
658 1612 673 1637 ‚
719 1567 1086 1640 experimento
1113 1607 1127 1634 ‚
1169 1562 1303 1635 quod
1356 1559 1544 1614 ibidem
1600 1557 1742 1611 affert
1767 1600 1782 1628 ‚
1839 1556 2040 1629 optime
2096 1555 2313 1628 probat*

510 1657 563 1713 in
617 1655 803 1709 duabus
887 1649 1155 1723 sphaerulis
1221 1644 1505 1718 aequalibus
1528 1686 1544 1714 ,
1586 1659 1801 1716 quarum
1869 1642 2118 1698 diameter
2172 1654 2308 1701 erat.

512 1757 553 1796 0
580 1783 596 1811 ‚
642 1756 679 1810 9
689 1753 718 1808 5
769 1736 966 1813 pollicis
1007 1732 1308 1795 londinensis
1350 1727 1723 1786 duodecimaliS.
2237 1734 2255 1752 ³

674 1892 726 1957 §-
769 1909 825 1958 4.
874 1889 1048 1964 Quam
1093 1886 1321 1958 primum
1363 1883 1530 1954 itaque
1575 1878 1708 1935 mihi
1755 1877 1930 1934 nobile
1972 1877 2081 1934 hoc*
2110 1874 2283 1935 inuen-

525 1991 638 2034 tum
681 1974 939 2042 innotuit,
983 1973 1152 2027 statim
1198 1972 1367 2043 ingens
1408 1968 1596 2041 cupido
1623 1967 1855 2022 animum
1881 1982 2056 2021 meum
2082 1964 2285 2039 incessit,

529 2063 583 2118 id
605 2062 788 2118 ‘variis
833 2060 977 2114 nouis
1015 2055 1380 2130 experimentis
1424 2052 1752 2109 examinandi
1819 2064 1968 2123 atque
2034 2052 2285 2124 inquiren-

530 2149 610 2218 di,
655 2164 719 2202 an
761 2146 944 2200 veritas
986 2144 1172 2215 vbique
1214 2141 1296 2196 hic
1342 2140 1428 2195 fibi
1470 2138 1702 2211 constet·⁷
1747 2154 1812 2191 an
1853 2135 1978 2190 haec
2013 2124 2290 2210 proprietas

531 2234 594 2290 ad
643 2231 870 2305 sphaeras
911 2228 1187 2302 inaequales
1228 2226 1274 2281 se
1319 2226 1601 2297 extendat3
1644 2241 1709 2278 an
1753 2225 1804 2277 in
1849 2223 2034 2277 duabus
2075 2221 2290 2295 sphaeris
2382 2251 2384 2255 ν

534 2318 831 2390 magneticis
874 2331 1076 2388 quoque
1120 2314 1344 2369 obtineat
1369 2357 1384 2382 ,
1429 2328 1523 2365 nec
1567 2327 1649 2365 ne.
1735 2308 1965 2364 Adhibui
2019 2309 2180 2380 itaque
2224 2305 2288 2361 se-

538 2416 775 2476 quentem
823 2400 1126 2459 methodum
1157 2442 1172 2468 ‚
1219 2411 1277 2453 vt
1313 2398 1372 2453 ‘in
1416 2396 1578 2452 tabula
1604 2440 1619 2467 ‚
1665 2412 1736 2450 ex
1776 2392 1897 2466 qua‘
1926 2409 2082 2448 omne
2145 2392 2292 2448 ferra-

542 2501 779 2546 mentum
826 2488 1026 2541 remoui
1053 2531 1068 2556 ,
1115 2484 1454 2558 suspenderem
1477 2482 1737 2551 bilancem
1779 2479 2147 2534 exactissimam
2173 2522 2188 2549 ‚
2229 2494 2322 2533 eo'

544 2573 697 2650 plane
733 2573 903 2627 modo
930 2615 945 2641 ,
990 2574 1075 2643 qui
1116 2573 1166 2625 in
1223 2570 1378 2623 celeb.
1424 2561 1754 2638 Grauesandii
1795 2564 2020 2636 physices
2065 2565 2292 2619 elemen-

546 2661 610 2714 tis
679 2657 1047 2714 mathematicis
1118 2657 1183 2709 ad
1262 2654 1372 2706 vsus
1435 2651 1791 2721 hydrostaticos
1857 2650 1985 2704 Tab.
2055 2646 2292 2706 XXVII.

547 2743 707 2817 figura
760 2741 783 2798 l
818 2741 1097 2813 depingitur
1167 2751 1220 2793 et
1260 2735 1559 2792 describitur.
1652 2733 1783 2810 Cepi
1827 2736 2006 2791 deinde
2047 2747 2143 2789 tres
2185 2731 2296 2807 gfo-

550 2830 644 2893 bos
668 2873 684 2901 ‚
728 2827 1040 2902 magneticos
1077 2825 1201 2880 duos
1224 2869 1240 2895 ,
1285 2823 1497 2878 ferreum
1535 2839 1702 2880 vnum
1726 2865 1743 2893 ,
1783 2822 1849 2879 de
1888 2820 2061 2895 quibus
2113 2821 2165 2877 in
2218 2818 2299 2874 ie·-

2144 2919 2295 2979 quen-
2322 2903 2325 2914 ”
