2451 3569
441 184 911 257 OBSERVATIO
959 188 1287 258 ECLIPSIS
1330 191 1669 262 SOLARIS.
1863 209 1984 283 347'

196 344 262 405 ab
290 348 435 406 initio
447 349 656 424 Eclipfis
669 367 825 425 Vsque
841 352 900 407 ad
917 350 1105 407 obseru.
1135 372 1177 421 4
1262 383 1286 395 -
1372 384 1397 396 -
1489 372 1513 407 1
1533 374 1555 410 1
1568 378 1607 427 4
1653 359 1869 430 partium
1884 362 1982 418 sca-

458 448 521 504 ab
554 447 739 505 obseru.
768 470 810 520 4
835 466 990 521 vsque
1026 451 1088 503 ad
1135 468 1174 516 9
1267 482 1292 491 -
1374 481 1397 492 -
1488 468 1513 504 1
1532 463 1633 523 17}
1654 457 1747 528 lae,
1761 460 1986 529 qualium

769 576 807 627 9
836 589 860 600 -
905 591 929 601 -
973 589 997 601 -
1040 577 1160 614 -·11
1233 543 1417 652 3ξὲζὲ
1446 574 1611 637 Ἰαῐξ
1660 569 1987 627 fiemidiame-

731 683 803 722 11
837 700 859 709 -
905 699 928 709 -
968 700 992 710 -
1033 703 1057 712 -
1088 683 1157 736 15
1248 708 1268 715 -
1360 705 1385 714 -
1480 690 1592 743 123
1647 673 1985 734 terSoliscon-

730 779 799 845 15
835 801 856 811 -
898 803 919 811 -
969 801 992 811 -
1038 768 1204 823 finem
1257 803 1283 815 -
1368 800 1393 812 -
1483 786 1600 840 127
1650 776 1774 829 tinet
1802 782 1940 844 267.

357 937 452 994 His
494 937 706 1011 cognitis
747 948 798 992 et
842 937 999 994 diuiso
1024 934 1154 1012 Soljs
1196 940 1334 996 disto
1380 940 1435 996 in
1477 940 1585 998 suos
1627 945 1843 1020 digitos,
1876 965 1980 1022 ope

193 1019 558 1079 semidiametri
600 1024 773 1080 Lunae
819 1026 872 1078 in
918 1026 1080 1079 orbita
1125 1027 1226 1081 eius
1272 1025 1373 1081 vifa
1417 1028 1624 1101 definiui
1669 1033 1778 1087 loca
1822 1036 1982 1091 centri

195 1108 372 1164 Lunae
398 1155 412 1180 ‚
457 1113 508 1165 in
553 1113 728 1183 quibus
771 1110 897 1164 istud
942 1111 1153 1179 extitit,
1197 1112 1324 1166 dum
1375 1127 1401 1162 1
1434 1156 1449 1181 ,
1496 1129 1530 1163 2
1565 1157 1578 1182 ‚
1627 1133 1658 1181 3
1691 1159 1706 1186 ‚
1762 1137 1840 1187 4,
1885 1133 1983 1175 etc,

192 1195 342 1267 digiti
385 1196 498 1250 disci
543 1195 727 1251 Solaris
771 1194 1015 1248 obscurati
1059 1195 1272 1249 fuerunt.
1363 1194 1700 1253 Innotuerunt
1742 1219 1867 1274 ergo
1903 1206 1983 1260 di-

191 1281 398 1336 stantiae
440 1280 624 1334 horum
671 1279 902 1334 locorum
950 1279 1001 1333 in
1042 1278 1218 1335 semita
1242 1281 1348 1337 visa
1380 1299 1407 1337 a
1443 1284 1567 1338 locis
1589 1288 1748 1341 centri
1773 1287 1980 1363 Lunae,

194 1382 318 1438 quae
373 1382 440 1420 ex
495 1364 921 1420 obsemationibus
973 1366 1038 1420 ab
1106 1367 1256 1421 initio
1312 1369 1586 1442 expositis?
1615 1372 1721 1426 iam
1774 1377 1980 1447 cognita

195 1464 386 1524 erant3
456 1451 589 1505 vnde
634 1452 793 1504 etiam
861 1467 968 1522 ope
1025 1463 1198 1506 motus
1255 1453 1442 1509 horarii
1487 1453 1662 1512 Lunae
1706 1460 1756 1512 in
1801 1460 1978 1517 stemita

193 1537 300 1590 visa
360 1536 790 1609 cognoscebantur
833 1537 1095 1591 interualla
1137 1551 1436 1613 temporum
1493 1541 1837 1613 respondentia
1863 1591 1877 1618 ,
1922 1566 1980 1602 a·-

195 1623 394 1693 deoque
438 1624 539 1695 ipffi
586 1628 835 1700 temporis
881 1636 1151 1701 momenta
1177 1667 1193 1697 ‚
1247 1620 1425 1700 quibus
1479 1626 1657 1702 finguli
1700 1632 1840 1707 digiti
1877 1633 1978 1712 obg

195 1706 373 1764 scutati
418 1709 546 1766 sunt.

342 1841 428 1897 En
471 1843 793 1904 dedustiones
833 1847 930 1907 hac
973 1847 1225 1909 methodo
1267 1861 1426 1911 erutas
1449 1893 1470 1925 ,
1557 1892 1561 1897 ι

451 1931 688 2005 Tempus
730 1953 926 1992 verum

338 2026 412 2102 15?
502 2035 614 2094 10'.
702 2038 818 2111 49''
907 2071 964 2082 --
1046 2071 1105 2084 -·
1189 2076 1249 2086 --
1336 2044 1548 2108 Initium
1594 2045 1811 2122 Eclipfis

512 2141 604 2191 16.
703 2155 781 2208 37
907 2170 967 2180 —-·
1052 2172 1111 2182 —-
1197 2173 1255 2184 -·
1338 2145 1522 2218 digitus
1627 2163 1653 2198 1

502 2247 600 2285 22.
697 2251 778 2303 24
898 2266 1532 2280 —————
1621 2257 1657 2293 2

501 2336 599 2383 28.
697 2346 771 2397 19
892 2360 951 2369 --
1035 2363 1092 2371 -—
1173 2314 1232 2373 }-
1320 2362 1378 2370 -
1465 2363 1520 2374 ·-
1608 2349 1642 2399 3

500 2441 600 2491 34·
699 2419 831 2496 14*
901 2415 1097 2468 -”-
1176 2459 1231 2470 -·
1319 2459 1376 2468 ”
1459 2460 1517 2468 ·“
1603 2449 1649 2500 4

495 2540 595 2589 40·
723 2543 762 2594 9
886 2556 1520 2572 “““““
1609 2549 1642 2601 5

495 2622 596 2684 46.
726 2639 762 2674 o
876 2651 1510 2666 —————
1594 2631 1636 2681 6

502 2730 602 2782 51·
694 2735 766 2785 50
880 2751 1504 2769 -----
1593 2740 1630 2793 7

506 2825 603 2880 ⁵7·
695 2833 777 2885 39
884 2843 1521 2863 —————
1608 2831 1642 2892 ε
