2451 3569
228 223 272 288 P
284 227 383 287 ER
424 222 640 290 LOCA
679 219 1156 290 PLANETARV
1154 221 1241 289 M
1279 223 1836 293 GEOCENTRICA.
1886 248 1910 287 x
1927 250 1953 288 1
1965 246 2001 302 7

234 382 387 436 malia
433 382 598 435 media
642 381 695 435 in
740 381 912 437 tabulis
968 383 1029 437 ad
1074 384 1286 455 quoduis
1340 397 1545 456 ternpus
1587 385 1816 442 exhibita
1860 390 1928 444 ita
1973 405 2004 443 a

231 468 446 521 veritate
497 466 779 538 discrepet,
836 481 893 520 vt
949 485 1005 520 ea
1050 480 1300 538 perpetuo
1356 472 1524 540 augeri
1579 473 1757 525 debeat
1816 474 2004 545 angulo

230 552 341 606 dm.
430 551 627 627 Quarto
668 553 727 606 sit
771 553 1028 622 longitudo
1073 550 1263 622 aphelii
1308 554 1359 607 in
1405 555 1578 610 tabulis
1621 555 1843 611 exhibita
1869 601 1884 628 ,
1922 570 2001 611 at-

227 652 324 708 que
376 653 403 690 a
449 639 616 711 prima
674 636 804 692 stella
861 638 1024 691 arietis
1079 651 1380 707 computata
1440 652 1571 715 :tp
1598 685 1612 711 ‚
1657 659 1777 696 vera
1820 656 1995 698 autem

224 722 442 777 eiusdem
501 722 685 794 aphelii
744 722 1011 793 longitudo
1064 724 1121 776 fit
1165 740 1240 775 Ξῖ.-
1275 735 1312 796 p
1353 734 1442 787 -†—
1477 727 1517 780 d
1527 738 1582 800 p.
1695 728 1891 802 Quinto
1935 728 1997 785 fit

223 805 488 877 longitudo
532 810 652 862 nodi
697 807 996 861 ascendentis
1050 809 1101 858 in
1147 807 1321 860 tabulis
1364 811 1524 878 posita
1582 830 1609 862 a
1652 814 1816 880 prima
1860 815 1995 883 pari-

220 901 301 944 ter
348 893 480 947 stella
534 894 697 948 arietis
747 903 1043 962 computata
1076 907 1153 942 :z
1189 904 1270 962 q3
1343 903 1394 944 at
1439 909 1555 945 vera
1600 895 1822 948 eiusdem
1868 897 1993 953 nodi

217 974 478 1047 longitudo
522 979 577 1029 fit
616 984 761 1047 q—Js—
789 975 883 1047 dq.
973 973 1137 1029 Sexto
1179 975 1393 1047 denique
1446 977 1505 1030 sit
1549 976 1805 1030 inclinatio
1851 982 1993 1034 orbi..

213 1069 296 1114 tae
341 1062 570 1131 planetae
615 1062 677 1114 ad
721 1060 927 1131 planum
975 1061 1231 1130 eclipticae
1256 1103 1270 1129 ,
1315 1078 1443 1132 quae
1487 1062 1541 1114 in
1585 1062 1757 1116 tabulis
1801 1063 1992 1118 indica-

213 1155 296 1199 tur
338 1161 415 1197 :3
440 1161 517 1218 ηε,
564 1162 686 1200 vera
731 1158 897 1199 autem
945 1146 1210 1200 inclinatio
1253 1146 1313 1200 sit
1359 1156 1603 1209 :tn-l—
1631 1149 1736 1203 dn.
1908 1220 1913 1222 q

367 1230 412 1295 (5.
450 1244 541 1296 15.
591 1231 678 1285 Ex
720 1232 899 1285 tabulis
941 1248 1065 1304 ergo
1110 1232 1455 1287 astronomicis
1498 1233 1768 1306 quibusque
1791 1233 1984 1291 haben·

207 1323 291 1369 tur
334 1316 527 1370 valores
570 1317 823 1371 literarum
884 1335 920 1372 a
945 1360 960 1387 ‚
1004 1318 1035 1373 k
1063 1359 1080 1385 ,
1119 1334 1150 1371 n
1176 1360 1191 1387 ‚
1241 1329 1283 1390 p
1329 1330 1377 1371 et
1421 1334 1454 1391 q
1478 1361 1494 1388 ,
1547 1335 1616 1372 ex
1671 1320 1843 1391 quibus
1906 1324 1984 1377 di‘

206 1393 437 1447 stantiam
489 1403 715 1450 mediam
761 1421 797 1451 a
822 1419 891 1449 ex
939 1414 1177 1471 tempore
1225 1403 1491 1470 periodico
1546 1404 1814 1459 dedutstam
1874 1407 1985 1463 reli-

204 1492 323 1548 quas
363 1480 548 1534 litteras
591 1498 722 1535 vero
810 1482 1138 1553 vndecunque
1182 1499 1252 1535 ex
1298 1487 1723 1543 obseruationibus
1775 1492 1985 1547 conclu-

201 1560 273 1617 sas
326 1564 433 1632 esse'
478 1582 639 1635 pono,
737 1565 935 1618 Praeter
986 1563 1081 1616 hos
1141 1582 1257 1608 vcro
1303 1570 1497 1618 valorcs
1539 1572 1667 1626 nihil
1713 1577 1981 1646 quicquam

200 1655 268 1694 ex
314 1645 487 1693 tabulis
529 1646 786 1695 desumam
819 1658 835 1712 3
881 1642 1228 1712 aequationem
1279 1644 1420 1694 enim
1465 1657 1745 1697 anomali-ac
1781 1662 1983 1700 inediae

201 1726 287 1781 vel
331 1726 614 1781 addendam
659 1727 746 1781 vel
792 1724 1177 1781 subtrahendam
1221 1740 1328 1778 non
1372 1742 1441 1779 ex
1482 1727 1659 1782 tabulis
1699 1728 1979 1803 desimam,

201 1809 283 1866 sed
325 1810 428 1883 ipse
473 1811 650 1882 quouis
674 1807 798 1866 sensu
841 1810 1033 1865 calculo
1073 1809 1316 1864 definiam
1345 1853 1361 1880 ,
1416 1827 1520 1865 non
1568 1825 1674 1866 tam
1721 1815 1856 1885 quafi
1902 1829 1974 1870 ta·

197 1895 325 1953 bulis
368 1898 719 1969 aequationum
762 1914 944 1968 parum
991 1894 1340 1963 confiderem,
1383 1912 1536 1966 quam
1583 1898 1695 1969 quia
1738 1900 1825 1952 iste
1871 1901 1975 1972 ipse

200 1983 411 2037 calculus
452 1999 554 2053 quo
595 1977 823 2052 aequatio
868 1980 1154 2035 anomaliae
1195 1978 1436 2034 definitur
1459 2024 1474 2051 ‚
1529 1982 1589 2035 ad
1634 1984 1975 2042 correffiones

200 2068 512 2123 instituendas
556 2068 835 2140 requiritur.
922 2063 1194 2121 Correstio
1237 2077 1427 2127 autem-
1465 2067 1517 2120 in
1560 2065 1662 2121 hoc
1716 2070 1972 2143 consistet,

200 2166 258 2208 vt
301 2170 492 2208 errores
536 2153 816 2209 tabularum
869 2170 896 2207 a
952 2152 1165 2206 veritate
1203 2196 1218 2221 ,
1272 2168 1398 2224 quos
1450 2151 1526 2207 his
1582 2154 1975 2225 expressionibus

196 2239 605 2295 differentialibus
647 2240 758 2311 dk,
801 2241 895 2295 dm
922 2239 1061 2312 ‚dp
1087 2282 1102 2308 ,
1146 2237 1224 2310 dq
1268 2249 1320 2291 et
1361 2238 1436 2292 dn
1483 2239 1717 2294 denotaui
1743 2284 1758 2310 ,
1806 2242 1971 2295 deter-

197 2328 442 2399 minem3
490 2325 590 2380 hoc
634 2327 772 2380 enim
817 2325 986 2394 ueto,
1043 2324 1253 2378 dubium
1314 2325 1405 2376 erit
1453 2324 1645 2379 nullum
1673 2368 1686 2391 ,
1733 2327 1854 2396 quin
1895 2339 1970 2381 ta-

196 2408 337 2466 bulae
382 2410 739 2483 perfeffiffime
797 2410 890 2464 fint
933 2410 1229 2464 emendatae
1254 2450 1268 2477 ,
1330 2408 1365 2462 si
1410 2410 1618 2480 quidem
1666 2403 1965 2466 obseruatio-

195 2494 338 2550 nibus
380 2497 655 2553 certiffimis
696 2486 759 2552 ad
804 2495 894 2550 has
935 2495 1273 2550 corree'tiones
1315 2505 1539 2549 Vtamur«

351 2581 395 2644 ξ.
428 2586 520 2633 16.
583 2582 851 2638 Eiusmodi
907 2594 1080 2634 autem
1135 2578 1505 2634 obseruationes
1557 2580 1782 2635 adhiberi
1842 2601 1962 2637 con-

197 2665 337 2719 venit
361 2706 376 2733 ,
448 2666 620 2736 quibus
682 2668 908 2739 planetae
949 2667 1010 2721 ad
1036 2670 1208 2721 datum
1268 2678 1472 2738 ternpus
1527 2681 1635 2721 tam
1691 2669 1960 2739 longitudo

194 2767 344 2822 quam
394 2750 605 2804 latitudo
646 2755 1002 2824 contineatur3
1048 2752 1107 2807 fit
1150 2752 1301 2824 igitur
1346 2769 1443 2822 pro
1487 2752 1696 2806 definito
1740 2755 1960 2823 quodam

135 2822 143 2832 ’
197 2846 433 2911 ternpore
472 2835 741 2912 longitudo
782 2836 1047 2976 planetaeP
1057 2853 1127 2890 ex
1170 2835 1583 2893 obseruationibus
1626 2838 1856 2892 dedtudhi
1883 2856 1959 2891 ..τ

1092 2935 1128 2986 3
1898 2923 1958 2997 F>
