<?xml version="1.0" encoding="UTF-8"?>
<!DOCTYPE html PUBLIC "-//W3C//DTD XHTML 1.0 Transitional//EN"
    "http://www.w3.org/TR/xhtml1/DTD/xhtml1-transitional.dtd">
<html xmlns="http://www.w3.org/1999/xhtml" xml:lang="en" lang="en">
 <head>
  <title>
</title>
<meta http-equiv="Content-Type" content="text/html;charset=utf-8" />
  <meta name='ocr-system' content='tesseract 3.04.00' />
  <meta name='ocr-capabilities' content='ocr_page ocr_carea ocr_par ocr_line ocrx_word'/>
</head>
<body>
  <div class='ocr_page' id='page_1' title='image "./commentariiacade12impe_0121.png"; bbox 0 0 2451 3569; ppageno 0'>
   <div class='ocr_carea' id='block_1_1' title="bbox 226 252 1977 328">
    <p class='ocr_par' dir='ltr' id='par_1_1' title="bbox 226 252 1977 328">
     <span class='ocr_line' id='line_1_1' title="bbox 226 252 1977 328; baseline -0.001 -10"><span class='ocrx_word' id='word_1_1' title='bbox 226 257 379 321; x_wconf 88' lang='lat' dir='ltr'>PER</span> <span class='ocrx_word' id='word_1_2' title='bbox 422 254 624 318; x_wconf 82' lang='lat' dir='ltr'><em>LOCA</em></span> <span class='ocrx_word' id='word_1_3' title='bbox 658 252 1200 318; x_wconf 82' lang='lat' dir='ltr'><em>PLANETARVM</em></span> <span class='ocrx_word' id='word_1_4' title='bbox 1238 253 1807 321; x_wconf 80' lang='lat' dir='ltr'><strong><em>G‘EOCENTRICA.</em></strong></span> <span class='ocrx_word' id='word_1_5' title='bbox 1862 274 1977 328; x_wconf 73' lang='lat'>11³</span> 
     </span>
    </p>
   </div>
   <div class='ocr_carea' id='block_1_2' title="bbox 192 411 1995 2964">
    <p class='ocr_par' dir='ltr' id='par_1_2' title="bbox 194 411 1983 1679">
     <span class='ocr_line' id='line_1_2' title="bbox 222 411 1983 488; baseline 0.002 -21"><span class='ocrx_word' id='word_1_6' title='bbox 222 412 375 486; x_wconf 86' lang='lat' dir='ltr'>qualis</span> <span class='ocrx_word' id='word_1_7' title='bbox 412 426 529 466; x_wconf 90' lang='lat' dir='ltr'>raro</span> <span class='ocrx_word' id='word_1_8' title='bbox 571 411 868 485; x_wconf 88' lang='lat' dir='ltr'>contingere</span> <span class='ocrx_word' id='word_1_9' title='bbox 912 411 1036 469; x_wconf 93' lang='lat' dir='ltr'>solet</span> <span class='ocrx_word' id='word_1_10' title='bbox 1060 457 1075 484; x_wconf 83' lang='lat'><strong>,</strong></span> <span class='ocrx_word' id='word_1_11' title='bbox 1127 413 1181 467; x_wconf 90' lang='lat' dir='ltr'>in</span> <span class='ocrx_word' id='word_1_12' title='bbox 1226 429 1342 468; x_wconf 88' lang='lat' dir='ltr'>eam</span> <span class='ocrx_word' id='word_1_13' title='bbox 1387 413 1538 469; x_wconf 90' lang='lat' dir='ltr'>incidi</span> <span class='ocrx_word' id='word_1_14' title='bbox 1591 414 1983 488; x_wconf 79' lang='lat' dir='ltr'>cogitationem,</span> 
     </span>
     <span class='ocr_line' id='line_1_3' title="bbox 219 495 1983 571; baseline 0.002 -19"><span class='ocrx_word' id='word_1_15' title='bbox 219 495 652 571; x_wconf 80' lang='lat' dir='ltr'>quemadmodum</span> <span class='ocrx_word' id='word_1_16' title='bbox 720 516 812 570; x_wconf 85' lang='lat' dir='ltr'>per</span> <span class='ocrx_word' id='word_1_17' title='bbox 873 498 980 554; x_wconf 83' lang='lat' dir='ltr'>loca</span> <span class='ocrx_word' id='word_1_18' title='bbox 1032 513 1350 571; x_wconf 87' lang='lat' dir='ltr'>quaecunque</span> <span class='ocrx_word' id='word_1_19' title='bbox 1414 502 1729 570; x_wconf 83' lang='lat' dir='ltr'>geocentrica</span> <span class='ocrx_word' id='word_1_20' title='bbox 1794 502 1983 555; x_wconf 77' lang='lat' dir='ltr'>orbitae</span> 
     </span>
     <span class='ocr_line' id='line_1_4' title="bbox 217 583 1980 656; baseline 0.001 -20"><span class='ocrx_word' id='word_1_21' title='bbox 217 584 525 656; x_wconf 70' lang='lat' dir='ltr'>planetarum</span> <span class='ocrx_word' id='word_1_22' title='bbox 571 584 938 654; x_wconf 84' lang='lat' dir='ltr'>determinari,</span> <span class='ocrx_word' id='word_1_23' title='bbox 1003 599 1062 638; x_wconf 82' lang='lat' dir='ltr'>ac</span> <span class='ocrx_word' id='word_1_24' title='bbox 1116 583 1308 638; x_wconf 83' lang='lat' dir='ltr'>tabulae</span> <span class='ocrx_word' id='word_1_25' title='bbox 1371 584 1742 640; x_wconf 84' lang='lat' dir='ltr'>astronomicae</span> <span class='ocrx_word' id='word_1_26' title='bbox 1794 584 1980 641; x_wconf 81' lang='lat' dir='ltr'>confici</span> 
     </span>
     <span class='ocr_line' id='line_1_5' title="bbox 215 669 1980 745; baseline 0.003 -24"><span class='ocrx_word' id='word_1_27' title='bbox 215 679 407 740; x_wconf 78' lang='lat' dir='ltr'><strong>queant.</strong></span> <span class='ocrx_word' id='word_1_28' title='bbox 494 669 797 744; x_wconf 79' lang='lat' dir='ltr'>Quanquam</span> <span class='ocrx_word' id='word_1_29' title='bbox 853 681 1023 723; x_wconf 87' lang='lat' dir='ltr'>autem</span> <span class='ocrx_word' id='word_1_30' title='bbox 1082 685 1212 724; x_wconf 82' lang='lat' dir='ltr'>mox</span> <span class='ocrx_word' id='word_1_31' title='bbox 1258 669 1606 726; x_wconf 81' lang='lat' dir='ltr'>intellexeram</span> <span class='ocrx_word' id='word_1_32' title='bbox 1648 715 1663 742; x_wconf 93' lang='lat'>,</span> <span class='ocrx_word' id='word_1_33' title='bbox 1718 669 1980 745; x_wconf 80' lang='lat' dir='ltr'>problema</span> 
     </span>
     <span class='ocr_line' id='line_1_6' title="bbox 214 752 1975 828; baseline 0.002 -21"><span class='ocrx_word' id='word_1_34' title='bbox 214 752 317 808; x_wconf 88' lang='lat' dir='ltr'>hoc</span> <span class='ocrx_word' id='word_1_35' title='bbox 361 752 457 807; x_wconf 82' lang='lat' dir='ltr'>effe</span> <span class='ocrx_word' id='word_1_36' title='bbox 499 755 932 826; x_wconf 79' lang='lat' dir='ltr'>determinatum3</span> <span class='ocrx_word' id='word_1_37' title='bbox 1004 767 1149 826; x_wconf 81' lang='lat' dir='ltr'>atque</span> <span class='ocrx_word' id='word_1_38' title='bbox 1193 771 1261 807; x_wconf 86' lang='lat' dir='ltr'>ex</span> <span class='ocrx_word' id='word_1_39' title='bbox 1304 756 1495 827; x_wconf 81' lang='lat' dir='ltr'>aliquot</span> <span class='ocrx_word' id='word_1_40' title='bbox 1539 756 1660 810; x_wconf 89' lang='lat' dir='ltr'>locis</span> <span class='ocrx_word' id='word_1_41' title='bbox 1701 756 1975 828; x_wconf 77' lang='lat' dir='ltr'>geocentri-</span> 
     </span>
     <span class='ocr_line' id='line_1_7' title="bbox 210 838 1980 913; baseline 0.002 -19"><span class='ocrx_word' id='word_1_42' title='bbox 210 838 280 894; x_wconf 86' lang='lat' dir='ltr'>cis</span> <span class='ocrx_word' id='word_1_43' title='bbox 321 840 506 894; x_wconf 81' lang='lat' dir='ltr'>orbitas</span> <span class='ocrx_word' id='word_1_44' title='bbox 548 839 860 911; x_wconf 82' lang='lat' dir='ltr'>planetarum</span> <span class='ocrx_word' id='word_1_45' title='bbox 902 840 1264 907; x_wconf 79' lang='lat' dir='ltr'>determinari,</span> <span class='ocrx_word' id='word_1_46' title='bbox 1307 851 1482 893; x_wconf 84' lang='lat' dir='ltr'>tamen</span> <span class='ocrx_word' id='word_1_47' title='bbox 1527 839 1625 913; x_wconf 89' lang='lat' dir='ltr'>ipsa</span> <span class='ocrx_word' id='word_1_48' title='bbox 1670 840 1843 896; x_wconf 89' lang='lat' dir='ltr'>solutio</span> <span class='ocrx_word' id='word_1_49' title='bbox 1868 854 1980 897; x_wconf 80' lang='lat' dir='ltr'>tan-</span> 
     </span>
     <span class='ocr_line' id='line_1_8' title="bbox 211 915 1977 998; baseline 0.002 -21"><span class='ocrx_word' id='word_1_50' title='bbox 211 936 392 997; x_wconf 86' lang='lat' dir='ltr'>topere</span> <span class='ocrx_word' id='word_1_51' title='bbox 446 924 507 979; x_wconf 87' lang='lat' dir='ltr'>fit</span> <span class='ocrx_word' id='word_1_52' title='bbox 560 924 774 978; x_wconf 87' lang='lat' dir='ltr'>difficilis</span> <span class='ocrx_word' id='word_1_53' title='bbox 849 934 898 976; x_wconf 88' lang='lat' dir='ltr'>et</span> <span class='ocrx_word' id='word_1_54' title='bbox 974 915 1328 977; x_wconf 76' lang='lat' dir='ltr'>molestissimis</span> <span class='ocrx_word' id='word_1_55' title='bbox 1389 923 1584 978; x_wconf 87' lang='lat' dir='ltr'>calculis</span> <span class='ocrx_word' id='word_1_56' title='bbox 1668 926 1924 996; x_wconf 82' lang='lat' dir='ltr'>implicata</span> <span class='ocrx_word' id='word_1_57' title='bbox 1957 970 1977 998; x_wconf 76' lang='lat'>,</span> 
     </span>
     <span class='ocr_line' id='line_1_9' title="bbox 209 1007 1976 1080; baseline 0.002 -17"><span class='ocrx_word' id='word_1_58' title='bbox 209 1022 269 1063; x_wconf 76' lang='lat' dir='ltr'>vt</span> <span class='ocrx_word' id='word_1_59' title='bbox 314 1026 371 1064; x_wconf 83' lang='lat' dir='ltr'>ea</span> <span class='ocrx_word' id='word_1_60' title='bbox 416 1009 549 1062; x_wconf 89' lang='lat' dir='ltr'>nullo</span> <span class='ocrx_word' id='word_1_61' title='bbox 590 1007 752 1061; x_wconf 87' lang='lat' dir='ltr'>modo</span> <span class='ocrx_word' id='word_1_62' title='bbox 819 1008 880 1062; x_wconf 85' lang='lat' dir='ltr'>ad</span> <span class='ocrx_word' id='word_1_63' title='bbox 929 1007 1089 1063; x_wconf 86' lang='lat' dir='ltr'>finem</span> <span class='ocrx_word' id='word_1_64' title='bbox 1113 1008 1336 1080; x_wconf 53' lang='lat' dir='ltr'>sperduci</span> <span class='ocrx_word' id='word_1_65' title='bbox 1362 1053 1377 1079; x_wconf 81' lang='lat'>,</span> <span class='ocrx_word' id='word_1_66' title='bbox 1445 1011 1614 1066; x_wconf 90' lang='lat' dir='ltr'>multo</span> <span class='ocrx_word' id='word_1_67' title='bbox 1682 1010 1845 1064; x_wconf 85' lang='lat' dir='ltr'>minus</span> <span class='ocrx_word' id='word_1_68' title='bbox 1910 1012 1976 1066; x_wconf 82' lang='lat' dir='ltr'>ad</span> 
     </span>
     <span class='ocr_line' id='line_1_10' title="bbox 205 1093 1977 1168; baseline 0.002 -20"><span class='ocrx_word' id='word_1_69' title='bbox 205 1093 348 1148; x_wconf 63' lang='lat' dir='ltr'>Vsum</span> <span class='ocrx_word' id='word_1_70' title='bbox 391 1093 767 1148; x_wconf 85' lang='lat' dir='ltr'>accommodari</span> <span class='ocrx_word' id='word_1_71' title='bbox 813 1104 974 1166; x_wconf 79' lang='lat' dir='ltr'>queat.</span> <span class='ocrx_word' id='word_1_72' title='bbox 1065 1093 1383 1165; x_wconf 85' lang='lat' dir='ltr'>Perspicuum</span> <span class='ocrx_word' id='word_1_73' title='bbox 1430 1095 1645 1166; x_wconf 66' lang='lat' dir='ltr'>quidem⁴</span> <span class='ocrx_word' id='word_1_74' title='bbox 1685 1096 1755 1149; x_wconf 91' lang='lat' dir='ltr'>est</span> <span class='ocrx_word' id='word_1_75' title='bbox 1778 1107 1977 1168; x_wconf 81' lang='lat' dir='ltr'>praeter</span> 
     </span>
     <span class='ocr_line' id='line_1_11' title="bbox 208 1177 1977 1253; baseline 0.003 -22"><span class='ocrx_word' id='word_1_76' title='bbox 208 1189 406 1249; x_wconf 81' lang='lat' dir='ltr'>tempus</span> <span class='ocrx_word' id='word_1_77' title='bbox 449 1177 764 1247; x_wconf 83' lang='lat' dir='ltr'>periodicum</span> <span class='ocrx_word' id='word_1_78' title='bbox 810 1178 1039 1249; x_wconf 80' lang='lat' dir='ltr'>planetae</span> <span class='ocrx_word' id='word_1_79' title='bbox 1079 1181 1344 1252; x_wconf 82' lang='lat' dir='ltr'>cognitum</span> <span class='ocrx_word' id='word_1_80' title='bbox 1389 1180 1479 1234; x_wconf 81' lang='lat' dir='ltr'>tria</span> <span class='ocrx_word' id='word_1_81' title='bbox 1523 1180 1635 1236; x_wconf 87' lang='lat' dir='ltr'>loca</span> <span class='ocrx_word' id='word_1_82' title='bbox 1660 1180 1977 1253; x_wconf 77' lang='lat' dir='ltr'>geocentrica</span> 
     </span>
     <span class='ocr_line' id='line_1_12' title="bbox 201 1263 1974 1339; baseline 0.002 -22"><span class='ocrx_word' id='word_1_83' title='bbox 201 1263 262 1318; x_wconf 80' lang='lat' dir='ltr'>ad</span> <span class='ocrx_word' id='word_1_84' title='bbox 308 1263 574 1335; x_wconf 85' lang='lat' dir='ltr'>problema</span> <span class='ocrx_word' id='word_1_85' title='bbox 617 1264 1059 1319; x_wconf 84' lang='lat' dir='ltr'>determinandum</span> <span class='ocrx_word' id='word_1_86' title='bbox 1102 1266 1322 1322; x_wconf 87' lang='lat' dir='ltr'>sufficere</span> <span class='ocrx_word' id='word_1_87' title='bbox 1350 1309 1365 1336; x_wconf 90' lang='lat'>‚</span> <span class='ocrx_word' id='word_1_88' title='bbox 1420 1281 1598 1321; x_wconf 71' lang='lat' dir='ltr'>verum</span> <span class='ocrx_word' id='word_1_89' title='bbox 1626 1310 1641 1337; x_wconf 88' lang='lat'>,</span> <span class='ocrx_word' id='word_1_90' title='bbox 1693 1267 1809 1338; x_wconf 80' lang='lat' dir='ltr'>quia</span> <span class='ocrx_word' id='word_1_91' title='bbox 1865 1266 1974 1339; x_wconf 82' lang='lat' dir='ltr'>qni·</span> 
     </span>
     <span class='ocr_line' id='line_1_13' title="bbox 203 1348 1972 1422; baseline 0.002 -20"><span class='ocrx_word' id='word_1_92' title='bbox 203 1348 281 1403; x_wconf 80' lang='lat' dir='ltr'>vis</span> <span class='ocrx_word' id='word_1_93' title='bbox 323 1349 462 1403; x_wconf 80' lang='lat' dir='ltr'>locus</span> <span class='ocrx_word' id='word_1_94' title='bbox 514 1352 857 1422; x_wconf 82' lang='lat' dir='ltr'>geocentticus</span> <span class='ocrx_word' id='word_1_95' title='bbox 904 1352 1130 1421; x_wconf 82' lang='lat' dir='ltr'>primum</span> <span class='ocrx_word' id='word_1_96' title='bbox 1175 1353 1296 1406; x_wconf 91' lang='lat' dir='ltr'>loco</span> <span class='ocrx_word' id='word_1_97' title='bbox 1346 1350 1486 1422; x_wconf 67' lang='lat' dir='ltr'>solss,</span> <span class='ocrx_word' id='word_1_98' title='bbox 1539 1366 1591 1406; x_wconf 88' lang='lat' dir='ltr'>et</span> <span class='ocrx_word' id='word_1_99' title='bbox 1633 1353 1818 1406; x_wconf 71' lang='lat' dir='ltr'>deinde</span> <span class='ocrx_word' id='word_1_100' title='bbox 1862 1358 1972 1406; x_wconf 79' lang='lat' dir='ltr'>tam</span> 
     </span>
     <span class='ocr_line' id='line_1_14' title="bbox 200 1433 1974 1510; baseline 0.002 -22"><span class='ocrx_word' id='word_1_101' title='bbox 200 1433 514 1505; x_wconf 79' lang='lat' dir='ltr'>longitudine</span> <span class='ocrx_word' id='word_1_102' title='bbox 569 1453 722 1507; x_wconf 78' lang='lat' dir='ltr'>quam</span> <span class='ocrx_word' id='word_1_103' title='bbox 778 1435 1036 1489; x_wconf 82' lang='lat' dir='ltr'>latitudine</span> <span class='ocrx_word' id='word_1_104' title='bbox 1095 1436 1322 1510; x_wconf 80' lang='lat' dir='ltr'>planetae</span> <span class='ocrx_word' id='word_1_105' title='bbox 1375 1437 1576 1491; x_wconf 84' lang='lat' dir='ltr'>definiri</span> <span class='ocrx_word' id='word_1_106' title='bbox 1628 1437 1811 1492; x_wconf 86' lang='lat' dir='ltr'>debent</span> <span class='ocrx_word' id='word_1_107' title='bbox 1835 1442 1974 1507; x_wconf 66' lang='grc'><strong>,106</strong></span> 
     </span>
     <span class='ocr_line' id='line_1_15' title="bbox 194 1520 1971 1594; baseline 0.003 -22"><span class='ocrx_word' id='word_1_108' title='bbox 194 1520 493 1590; x_wconf 72' lang='lat' dir='ltr'>quintitates</span> <span class='ocrx_word' id='word_1_109' title='bbox 536 1521 830 1575; x_wconf 74' lang='grc' dir='ltr'><strong>11111611Ξ16111</strong></span> <span class='ocrx_word' id='word_1_110' title='bbox 877 1521 1122 1574; x_wconf 71' lang='lat' dir='ltr'>calculum</span> <span class='ocrx_word' id='word_1_111' title='bbox 1170 1523 1418 1575; x_wconf 86' lang='lat' dir='ltr'>introduci</span> <span class='ocrx_word' id='word_1_112' title='bbox 1462 1523 1675 1594; x_wconf 78' lang='lat' dir='ltr'>debent,</span> <span class='ocrx_word' id='word_1_113' title='bbox 1719 1521 1971 1578; x_wconf 70' lang='lat' dir='ltr'>vtisnon</span> 
     </span>
     <span class='ocr_line' id='line_1_16' title="bbox 202 1606 1873 1679; baseline 0.001 -22"><span class='ocrx_word' id='word_1_114' title='bbox 202 1606 436 1659; x_wconf 82' lang='lat' dir='ltr'>maxime</span> <span class='ocrx_word' id='word_1_115' title='bbox 483 1607 723 1660; x_wconf 82' lang='lat' dir='ltr'>intricatus</span> <span class='ocrx_word' id='word_1_116' title='bbox 767 1606 875 1660; x_wconf 84' lang='lat' dir='ltr'>fieri</span> <span class='ocrx_word' id='word_1_117' title='bbox 917 1607 1133 1660; x_wconf 88' lang='lat' dir='ltr'>omnino</span> <span class='ocrx_word' id='word_1_118' title='bbox 1175 1619 1443 1679; x_wconf 82' lang='lat' dir='ltr'>nequeat.</span> <span class='ocrx_word' id='word_1_119' title='bbox 1624 1623 1627 1625; x_wconf 86' lang='grc'><em>·</em></span> <span class='ocrx_word' id='word_1_120' title='bbox 1870 1657 1873 1659; x_wconf 85' lang='grc'><strong>,</strong></span> 
     </span>
    </p>

    <p class='ocr_par' dir='ltr' id='par_1_3' title="bbox 192 1658 1995 2964">
     <span class='ocr_line' id='line_1_17' title="bbox 356 1658 1967 1782; baseline 0.004 -35"><span class='ocrx_word' id='word_1_121' title='bbox 356 1681 404 1747; x_wconf 67' lang='lat'>5</span> <span class='ocrx_word' id='word_1_122' title='bbox 443 1698 494 1746; x_wconf 88' lang='lat'>8.</span> <span class='ocrx_word' id='word_1_123' title='bbox 534 1691 809 1764; x_wconf 70' lang='lat' dir='ltr'>Postquam</span> <span class='ocrx_word' id='word_1_124' title='bbox 854 1706 1024 1746; x_wconf 80' lang='lat' dir='ltr'>autem</span> <span class='ocrx_word' id='word_1_125' title='bbox 1070 1694 1375 1765; x_wconf 73' lang='lat' dir='ltr'>cogitassem</span> <span class='ocrx_word' id='word_1_126' title='bbox 1414 1664 1622 1749; x_wconf 82' lang='lat' dir='ltr'>orbitas</span> <span class='ocrx_word' id='word_1_127' title='bbox 1653 1658 1967 1782; x_wconf 76' lang='lat' dir='ltr'>planetarum</span> 
     </span>
     <span class='ocr_line' id='line_1_18' title="bbox 200 1777 1968 1852; baseline 0.005 -25"><span class='ocrx_word' id='word_1_128' title='bbox 200 1790 334 1829; x_wconf 84' lang='lat' dir='ltr'>nunc</span> <span class='ocrx_word' id='word_1_129' title='bbox 376 1777 584 1848; x_wconf 87' lang='lat' dir='ltr'>quidem</span> <span class='ocrx_word' id='word_1_130' title='bbox 633 1794 736 1831; x_wconf 88' lang='lat' dir='ltr'>non</span> <span class='ocrx_word' id='word_1_131' title='bbox 780 1778 911 1832; x_wconf 89' lang='lat' dir='ltr'>adeo</span> <span class='ocrx_word' id='word_1_132' title='bbox 954 1777 1048 1832; x_wconf 81' lang='lat' dir='ltr'>effe</span> <span class='ocrx_word' id='word_1_133' title='bbox 1091 1778 1407 1852; x_wconf 85' lang='lat' dir='ltr'>incognitas,</span> <span class='ocrx_word' id='word_1_134' title='bbox 1451 1792 1531 1834; x_wconf 80' lang='lat' dir='ltr'>vt</span> <span class='ocrx_word' id='word_1_135' title='bbox 1547 1793 1724 1836; x_wconf 80' lang='lat' dir='ltr'>&#39;ea-rum</span> <span class='ocrx_word' id='word_1_136' title='bbox 1772 1783 1968 1837; x_wconf 78' lang='lat' dir='ltr'>inuesti-</span> 
     </span>
     <span class='ocr_line' id='line_1_19' title="bbox 196 1861 1965 1940; baseline 0.005 -27"><span class='ocrx_word' id='word_1_137' title='bbox 196 1861 337 1931; x_wconf 82' lang='lat' dir='ltr'>gatio</span> <span class='ocrx_word' id='word_1_138' title='bbox 381 1878 408 1914; x_wconf 97' lang='grc'>1</span> <span class='ocrx_word' id='word_1_139' title='bbox 448 1862 626 1934; x_wconf 83' lang='lat' dir='ltr'>primis</span> <span class='ocrx_word' id='word_1_140' title='bbox 666 1863 923 1935; x_wconf 83' lang='lat' dir='ltr'>principiis</span> <span class='ocrx_word' id='word_1_141' title='bbox 966 1865 1122 1935; x_wconf 86' lang='lat' dir='ltr'>repeti</span> <span class='ocrx_word' id='word_1_142' title='bbox 1164 1866 1385 1932; x_wconf 79' lang='lat' dir='ltr'>debeat,</span> <span class='ocrx_word' id='word_1_143' title='bbox 1433 1877 1697 1937; x_wconf 83' lang='lat' dir='ltr'>motusque</span> <span class='ocrx_word' id='word_1_144' title='bbox 1741 1866 1965 1940; x_wconf 76' lang='lat' dir='ltr'>ipsorum</span> 
     </span>
     <span class='ocr_line' id='line_1_20' title="bbox 198 1947 1968 2025; baseline 0.005 -25"><span class='ocrx_word' id='word_1_145' title='bbox 198 1947 512 2018; x_wconf 84' lang='lat' dir='ltr'>planetarum</span> <span class='ocrx_word' id='word_1_146' title='bbox 569 1950 788 2002; x_wconf 89' lang='lat' dir='ltr'>omnino</span> <span class='ocrx_word' id='word_1_147' title='bbox 840 1950 1146 2020; x_wconf 76' lang='lat' dir='ltr'>ignoretur3</span> <span class='ocrx_word' id='word_1_148' title='bbox 1217 1949 1297 2005; x_wconf 88' lang='lat' dir='ltr'>secl</span> <span class='ocrx_word' id='word_1_149' title='bbox 1353 1966 1461 2005; x_wconf 87' lang='lat' dir='ltr'>non</span> <span class='ocrx_word' id='word_1_150' title='bbox 1516 1949 1672 2005; x_wconf 75' lang='lat' dir='ltr'>solnm</span> <span class='ocrx_word' id='word_1_151' title='bbox 1729 1965 1968 2025; x_wconf 65' lang='lat' dir='ltr'>tempora</span> 
     </span>
     <span class='ocr_line' id='line_1_21' title="bbox 199 2029 1968 2124; baseline 0.005 -40"><span class='ocrx_word' id='word_1_152' title='bbox 199 2029 450 2118; x_wconf 80' lang='lat' dir='ltr'>periodica</span> <span class='ocrx_word' id='word_1_153' title='bbox 495 2032 871 2124; x_wconf 65' lang='lat' dir='ltr'>perplurimas</span> <span class='ocrx_word' id='word_1_154' title='bbox 911 2032 1272 2090; x_wconf 59' lang='lat' dir='ltr'>obseruationes</span> <span class='ocrx_word' id='word_1_155' title='bbox 1319 2036 1677 2092; x_wconf 71' lang='lat' dir='ltr'>accuratissime</span> <span class='ocrx_word' id='word_1_156' title='bbox 1721 2039 1825 2094; x_wconf 85' lang='lat' dir='ltr'>iam</span> <span class='ocrx_word' id='word_1_157' title='bbox 1872 2038 1968 2093; x_wconf 74' lang='grc'><strong>6116</strong></span> 
     </span>
     <span class='ocr_line' id='line_1_22' title="bbox 192 2111 1969 2197; baseline 0.003 -25"><span class='ocrx_word' id='word_1_158' title='bbox 192 2111 444 2190; x_wconf 77' lang='lat' dir='ltr'>defini-ta,</span> <span class='ocrx_word' id='word_1_159' title='bbox 502 2124 684 2174; x_wconf 52' lang='lat' dir='ltr'>*verum</span> <span class='ocrx_word' id='word_1_160' title='bbox 739 2117 902 2175; x_wconf 81' lang='lat' dir='ltr'>etiam</span> <span class='ocrx_word' id='word_1_161' title='bbox 957 2121 1079 2193; x_wconf 85' lang='lat' dir='ltr'>ipsas</span> <span class='ocrx_word' id='word_1_162' title='bbox 1116 2123 1311 2176; x_wconf 63' lang='grc' dir='ltr'>ζ101111115</span> <span class='ocrx_word' id='word_1_163' title='bbox 1363 2120 1471 2177; x_wconf 68' lang='lat' dir='ltr'>stitis</span> <span class='ocrx_word' id='word_1_164' title='bbox 1524 2120 1686 2196; x_wconf 84' lang='lat' dir='ltr'>prope</span> <span class='ocrx_word' id='word_1_165' title='bbox 1739 2127 1969 2197; x_wconf 82' lang='lat' dir='ltr'>cognitas</span> 
     </span>
     <span class='ocr_line' id='line_1_23' title="bbox 196 2201 1967 2280; baseline 0.003 -22"><span class='ocrx_word' id='word_1_166' title='bbox 196 2201 414 2259; x_wconf 82' lang='lat' dir='ltr'>haberi·</span> <span class='ocrx_word' id='word_1_167' title='bbox 481 2221 548 2259; x_wconf 80' lang='lat' dir='ltr'>ex</span> <span class='ocrx_word' id='word_1_168' title='bbox 592 2205 670 2260; x_wconf 85' lang='lat' dir='ltr'>his</span> <span class='ocrx_word' id='word_1_169' title='bbox 713 2206 751 2261; x_wconf 91' lang='lat' dir='ltr'><strong>fi</strong></span> <span class='ocrx_word' id='word_1_170' title='bbox 791 2206 966 2262; x_wconf 85' lang='lat' dir='ltr'>debito</span> <span class='ocrx_word' id='word_1_171' title='bbox 1007 2208 1169 2262; x_wconf 89' lang='lat' dir='ltr'>modo</span> <span class='ocrx_word' id='word_1_172' title='bbox 1237 2209 1286 2262; x_wconf 89' lang='lat' dir='ltr'>in</span> <span class='ocrx_word' id='word_1_173' title='bbox 1339 2206 1587 2264; x_wconf 85' lang='lat' dir='ltr'>calculum</span> <span class='ocrx_word' id='word_1_174' title='bbox 1655 2209 1925 2265; x_wconf 72' lang='lat' dir='ltr'>inferantur</span> <span class='ocrx_word' id='word_1_175' title='bbox 1951 2252 1967 2280; x_wconf 91' lang='lat'>‚</span> 
     </span>
     <span class='ocr_line' id='line_1_24' title="bbox 195 2282 1995 2371; baseline 0.007 -28"><span class='ocrx_word' id='word_1_176' title='bbox 195 2282 339 2343; x_wconf 71' lang='lat' dir='ltr'>facile</span> <span class='ocrx_word' id='word_1_177' title='bbox 366 2290 603 2363; x_wconf 83' lang='lat' dir='ltr'>prospexi</span> <span class='ocrx_word' id='word_1_178' title='bbox 629 2335 643 2361; x_wconf 84' lang='lat'>,</span> <span class='ocrx_word' id='word_1_179' title='bbox 690 2291 914 2348; x_wconf 75' lang='lat' dir='ltr'>laborem</span> <span class='ocrx_word' id='word_1_180' title='bbox 962 2294 1294 2348; x_wconf 82' lang='lat' dir='ltr'>vehementer</span> <span class='ocrx_word' id='word_1_181' title='bbox 1319 2294 1561 2350; x_wconf 71' lang='lat' dir='ltr'>subleuari</span> <span class='ocrx_word' id='word_1_182' title='bbox 1587 2295 1745 2367; x_wconf 78' lang='lat' dir='ltr'>posse.</span> <span class='ocrx_word' id='word_1_183' title='bbox 1785 2297 1965 2371; x_wconf 73' lang='lat' dir='ltr'>Quan-</span> <span class='ocrx_word' id='word_1_184' title='bbox 1992 2353 1995 2355; x_wconf 74' lang='grc'>,</span> 
     </span>
     <span class='ocr_line' id='line_1_25' title="bbox 196 2374 1962 2451; baseline 0.006 -24"><span class='ocrx_word' id='word_1_185' title='bbox 196 2374 267 2428; x_wconf 81' lang='lat' dir='ltr'>do</span> <span class='ocrx_word' id='word_1_186' title='bbox 308 2378 453 2431; x_wconf 84' lang='lat' dir='ltr'>enim</span> <span class='ocrx_word' id='word_1_187' title='bbox 513 2394 616 2431; x_wconf 88' lang='lat' dir='ltr'>non</span> <span class='ocrx_word' id='word_1_188' title='bbox 668 2389 778 2431; x_wconf 84' lang='lat' dir='ltr'>tam</span> <span class='ocrx_word' id='word_1_189' title='bbox 832 2375 976 2433; x_wconf 53' lang='lat' dir='ltr'>“verus</span> <span class='ocrx_word' id='word_1_190' title='bbox 1028 2381 1343 2451; x_wconf 82' lang='lat' dir='ltr'>planetarum</span> <span class='ocrx_word' id='word_1_191' title='bbox 1389 2395 1559 2434; x_wconf 77' lang='lat' dir='ltr'>motus</span> <span class='ocrx_word' id='word_1_192' title='bbox 1601 2396 1673 2433; x_wconf 84' lang='lat' dir='ltr'>ex</span> <span class='ocrx_word' id='word_1_193' title='bbox 1718 2381 1827 2434; x_wconf 87' lang='lat' dir='ltr'>solis</span> <span class='ocrx_word' id='word_1_194' title='bbox 1870 2384 1962 2437; x_wconf 90' lang='lat' dir='ltr'>ob-</span> 
     </span>
     <span class='ocr_line' id='line_1_26' title="bbox 196 2456 1963 2535; baseline 0.007 -24"><span class='ocrx_word' id='word_1_195' title='bbox 196 2456 542 2516; x_wconf 69' lang='lat' dir='ltr'>seruationibus</span> <span class='ocrx_word' id='word_1_196' title='bbox 568 2506 582 2532; x_wconf 83' lang='lat'>,</span> <span class='ocrx_word' id='word_1_197' title='bbox 639 2480 791 2535; x_wconf 86' lang='lat' dir='ltr'>quam</span> <span class='ocrx_word' id='word_1_198' title='bbox 847 2465 951 2518; x_wconf 86' lang='lat' dir='ltr'>eius</span> <span class='ocrx_word' id='word_1_199' title='bbox 1011 2476 1206 2519; x_wconf 83' lang='lat' dir='ltr'>tantum</span> <span class='ocrx_word' id='word_1_200' title='bbox 1253 2466 1499 2519; x_wconf 81' lang='lat' dir='ltr'>aberratio</span> <span class='ocrx_word' id='word_1_201' title='bbox 1540 2484 1569 2520; x_wconf 82' lang='lat' dir='ltr'>a</span> <span class='ocrx_word' id='word_1_202' title='bbox 1612 2465 1810 2520; x_wconf 78' lang='lat' dir='ltr'>theoria</span> <span class='ocrx_word' id='word_1_203' title='bbox 1854 2468 1963 2523; x_wconf 84' lang='lat' dir='ltr'>iam</span> 
     </span>
     <span class='ocr_line' id='line_1_27' title="bbox 198 2543 1965 2625; baseline 0.006 -27"><span class='ocrx_word' id='word_1_204' title='bbox 198 2543 405 2600; x_wconf 68' lang='lat' dir='ltr'>stabilita</span> <span class='ocrx_word' id='word_1_205' title='bbox 430 2590 445 2617; x_wconf 82' lang='lat'>,</span> <span class='ocrx_word' id='word_1_206' title='bbox 489 2565 613 2620; x_wconf 83' lang='lat' dir='ltr'>quae</span> <span class='ocrx_word' id='word_1_207' title='bbox 660 2550 872 2603; x_wconf 85' lang='lat' dir='ltr'>minima</span> <span class='ocrx_word' id='word_1_208' title='bbox 915 2550 987 2604; x_wconf 89' lang='lat' dir='ltr'>est</span> <span class='ocrx_word' id='word_1_209' title='bbox 1014 2591 1030 2618; x_wconf 87' lang='lat'><strong>‚</strong></span> <span class='ocrx_word' id='word_1_210' title='bbox 1077 2551 1335 2622; x_wconf 78' lang='lat' dir='ltr'>indagatur</span> <span class='ocrx_word' id='word_1_211' title='bbox 1359 2596 1374 2619; x_wconf 78' lang='lat'>,</span> <span class='ocrx_word' id='word_1_212' title='bbox 1417 2551 1625 2606; x_wconf 82' lang='lat' dir='ltr'>calculus</span> <span class='ocrx_word' id='word_1_213' title='bbox 1644 2567 1710 2604; x_wconf 88' lang='lat' dir='ltr'>ex</span> <span class='ocrx_word' id='word_1_214' title='bbox 1736 2568 1800 2606; x_wconf 89' lang='grc'><strong>60</strong></span> <span class='ocrx_word' id='word_1_215' title='bbox 1824 2554 1965 2625; x_wconf 72' lang='lat' dir='ltr'>prin—</span> 
     </span>
     <span class='ocr_line' id='line_1_28' title="bbox 197 2630 1961 2708; baseline 0.007 -26"><span class='ocrx_word' id='word_1_216' title='bbox 197 2632 337 2701; x_wconf 80' lang='lat' dir='ltr'>cipio</span> <span class='ocrx_word' id='word_1_217' title='bbox 377 2630 568 2685; x_wconf 82' lang='lat' dir='ltr'>facilior</span> <span class='ocrx_word' id='word_1_218' title='bbox 613 2636 845 2689; x_wconf 84' lang='lat' dir='ltr'>reddetur</span> <span class='ocrx_word' id='word_1_219' title='bbox 871 2677 886 2704; x_wconf 82' lang='lat'>,</span> <span class='ocrx_word' id='word_1_220' title='bbox 929 2637 1063 2708; x_wconf 86' lang='lat' dir='ltr'>quod</span> <span class='ocrx_word' id='word_1_221' title='bbox 1112 2653 1301 2690; x_wconf 74' lang='lat' dir='ltr'>errores</span> <span class='ocrx_word' id='word_1_222' title='bbox 1325 2638 1551 2692; x_wconf 85' lang='lat' dir='ltr'>theoriae</span> <span class='ocrx_word' id='word_1_223' title='bbox 1583 2637 1655 2690; x_wconf 60' lang='grc'><strong>1611</strong></span> <span class='ocrx_word' id='word_1_224' title='bbox 1677 2639 1961 2695; x_wconf 76' lang='lat' dir='ltr'>tabularum</span> 
     </span>
     <span class='ocr_line' id='line_1_29' title="bbox 199 2715 1962 2795; baseline 0.005 -25"><span class='ocrx_word' id='word_1_225' title='bbox 199 2715 648 2770; x_wconf 68' lang='lat' dir='ltr'>astronomicarum</span> <span class='ocrx_word' id='word_1_226' title='bbox 693 2732 931 2791; x_wconf 75' lang='lat' dir='ltr'>tanquam</span> <span class='ocrx_word' id='word_1_227' title='bbox 980 2723 1274 2794; x_wconf 70' lang='lat' dir='ltr'>quantitates</span> <span class='ocrx_word' id='word_1_228' title='bbox 1316 2725 1510 2778; x_wconf 77' lang='grc'><strong>1111111116</strong></span> <span class='ocrx_word' id='word_1_229' title='bbox 1553 2740 1736 2795; x_wconf 79' lang='lat' dir='ltr'>paruae</span> <span class='ocrx_word' id='word_1_230' title='bbox 1762 2725 1962 2778; x_wconf 66' lang='grc'><strong>1111611111</strong></span> 
     </span>
     <span class='ocr_line' id='line_1_30' title="bbox 199 2801 1961 2879; baseline 0.005 -24"><span class='ocrx_word' id='word_1_231' title='bbox 199 2814 382 2874; x_wconf 78' lang='lat' dir='ltr'>queant</span> <span class='ocrx_word' id='word_1_232' title='bbox 408 2845 421 2871; x_wconf 81' lang='lat'>,</span> <span class='ocrx_word' id='word_1_233' title='bbox 467 2819 568 2873; x_wconf 86' lang='lat' dir='ltr'>quo</span> <span class='ocrx_word' id='word_1_234' title='bbox 610 2801 720 2873; x_wconf 86' lang='lat' dir='ltr'>ipso</span> <span class='ocrx_word' id='word_1_235' title='bbox 764 2803 1009 2860; x_wconf 84' lang='lat' dir='ltr'>formulae</span> <span class='ocrx_word' id='word_1_236' title='bbox 1050 2821 1105 2861; x_wconf 90' lang='lat' dir='ltr'>et</span> <span class='ocrx_word' id='word_1_237' title='bbox 1146 2811 1462 2879; x_wconf 76' lang='lat' dir='ltr'>aequationes</span> <span class='ocrx_word' id='word_1_238' title='bbox 1509 2809 1627 2865; x_wconf 84' lang='lat' dir='ltr'>alias</span> <span class='ocrx_word' id='word_1_239' title='bbox 1667 2809 1961 2864; x_wconf 81' lang='lat' dir='ltr'>intricatiffi-</span> 
     </span>
     <span class='ocr_line' id='line_1_31' title="bbox 196 2885 1437 2964; baseline 0.006 -22"><span class='ocrx_word' id='word_1_240' title='bbox 196 2904 316 2942; x_wconf 80' lang='lat' dir='ltr'>mae</span> <span class='ocrx_word' id='word_1_241' title='bbox 361 2885 469 2940; x_wconf 64' lang='lat' dir='ltr'>satis</span> <span class='ocrx_word' id='word_1_242' title='bbox 511 2886 695 2958; x_wconf 78' lang='lat' dir='ltr'>planae</span> <span class='ocrx_word' id='word_1_243' title='bbox 729 2900 787 2943; x_wconf 82' lang='lat' dir='ltr'>et</span> <span class='ocrx_word' id='word_1_244' title='bbox 827 2888 1073 2964; x_wconf 80' lang='lat' dir='ltr'>simplices</span> <span class='ocrx_word' id='word_1_245' title='bbox 1108 2891 1222 2947; x_wconf 72' lang='lat' dir='ltr'>fieri</span> <span class='ocrx_word' id='word_1_246' title='bbox 1263 2893 1437 2950; x_wconf 80' lang='lat' dir='ltr'>solent.</span> 
     </span>
    </p>
   </div>
   <div class='ocr_carea' id='block_1_3' title="bbox 282 2938 1957 3053">
    <p class='ocr_par' dir='ltr' id='par_1_4' title="bbox 282 2938 1957 3053">
     <span class='ocr_line' id='line_1_32' title="bbox 282 2938 1957 3053; baseline 0.005 -23"><span class='ocrx_word' id='word_1_247' title='bbox 282 2973 421 3030; x_wconf 69' lang='lat' dir='ltr'>Tam.</span> <span class='ocrx_word' id='word_1_248' title='bbox 466 2972 607 3033; x_wconf 80' lang='grc' dir='ltr'>ΧΠ.</span> <span class='ocrx_word' id='word_1_249' title='bbox 1072 2975 1112 3032; x_wconf 82' lang='lat' dir='ltr'>P</span> <span class='ocrx_word' id='word_1_250' title='bbox 1516 2938 1518 2940; x_wconf 30' lang='lat'>⁵</span> <span class='ocrx_word' id='word_1_251' title='bbox 1818 2981 1868 3048; x_wconf 81' lang='lat'>§-</span> <span class='ocrx_word' id='word_1_252' title='bbox 1895 3000 1957 3053; x_wconf 83' lang='lat'>9,</span> 
     </span>
    </p>
   </div>
  </div>
 </body>
</html>
