2451 3569
289 186 409 251 DE
447 148 779 251 RENIBVS
800 181 1282 273 SVCCENTVR.
1302 188 1392 253 IN
1412 183 1666 256 PVERO
1685 191 1800 268 ὢν.
1851 210 1884 270 3
1899 215 1927 256 2
1936 217 1974 274 9

206 344 412 402 obscure
450 344 616 402 albido
657 345 891 402 constans
944 357 999 402 et
1051 347 1353 421 pinguedine
1404 349 1770 410 circumuoluta
1809 355 1976 413 confi-

202 429 384 488 stentia
425 432 708 487 admodum
754 432 940 488 ssmiles
980 436 1350 505 comparebant
1374 476 1388 503 ,
1434 438 1571 492 vnde
1629 441 1806 511 primo
1850 445 1977 498 intu-

202 516 278 574 itu
336 517 543 590 adipem
584 519 963 574 mentiebantur
984 528 1035 572 et
1061 519 1205 575 nobis
1229 519 1342 593 ipfis
1366 520 1732 593 imponebant:
1758 524 1978 584 insuffla-

199 614 282 658 tae
327 605 582 660 maiorem
637 602 924 677 iuglandem
967 607 1250 678 aequabant
1273 617 1327 662 et
1349 606 1518 680 aliquo
1561 612 1730 670 modo
1773 611 1973 685 pelluci-

199 687 296 745 dae
364 689 836 765 conspiciebantur3
908 688 988 746 sed
1043 704 1251 765 vtraque
1319 694 1530 750 cauitate
1596 698 1732 753 intus
1784 698 1975 772 aequali

197 786 303 829 erat
347 779 574 849 praedita
615 791 668 833 et
710 775 987 852 gelatinoso
1032 777 1221 854 pallide
1273 781 1426 838 rubro
1491 782 1653 841 tin&
1704 795 1759 841 et
1812 784 1974 844 obdu-

200 860 283 919 &a
325 860 563 920 humore.

776 1031 944 1092 ‘'rab.
991 1030 1098 1092 IX.
1142 1034 1255 1109 Fig.
1320 1049 1377 1105 ς.

196 1174 428 1235 Ostendit
470 1186 638 1252 partes
688 1174 930 1250 quasdam
987 1172 1375 1248 hypochondrii
1431 1194 1462 1239 a
1519 1178 1788 1257 posteriori
1841 1178 1969 1244 facie

192 1263 483 1335 conspicuas
526 1279 596 1319 ex
634 1262 812 1319 adulto
853 1261 1087 1320 homine.

197 1348 255 1405 A
280 1348 332 1404 A
376 1349 568 1406 ReneS.
874 1368 880 1377 ·

190 1429 242 1492 B
263 1431 311 1489 B
354 1464 378 1475 -
419 1464 442 1476 -
489 1466 512 1476 -
554 1431 913 1492 succenturiati.

280 1536 310 1575 c
355 1519 559 1576 Arteria
603 1532 760 1577 aorta.

232 1602 294 1662 D
337 1604 487 1660 Vena
528 1622 666 1662 caua.

61 1715 85 1742 -.
188 1690 242 1750 E
264 1692 315 1750 E
358 1691 594 1749 Arteriae
650 1692 979 1752 atrabilariae.

189 1795 221 1835 e
244 1796 274 1834 e
319 1778 496 1835 Venae
538 1780 865 1837 atrabilariae.

190 1864 234 1922 F
257 1864 301 1922 F
343 1866 577 1922 Arteriae
651 1866 920 1944 pinenicae
998 1878 1122 1924 cum
1188 1862 1390 1925 radiatis
1443 1867 1599 1928 ramis
1650 1868 1703 1931 in
1741 1865 1962 1950 capsulas

276 1951 535 2009 demersis,

192 2030 247 2093 G
290 2036 479 2112 Hepar.

190 2122 245 2179 H
288 2121 438 2180 Lien.

192 2207 224 2268 1
247 2208 278 2269 I
323 2208 683 2291 Diaphragma
723 2214 979 2278 reflexum
1021 2214 1224 2296 eiusque
1262 2214 1339 2277 ii.
1386 2214 1651 2295 proceffus.
1708 2314 1714 2317 7

273 2868 414 2933 Tem.
458 2869 609 2937 ΧΠ.
1021 2875 1077 2934 Τ
1094 2886 1118 2933 t
1699 2868 1959 2938 OBSER-
