2451 3569
434 254 613 320 FVSI
650 250 744 314 nv
783 242 1011 311 TVBJS
1057 239 1669 312 affirmarem&
1811 192 1927 321 ²245

168 413 303 472 hunc
328 414 604 486 immergas
626 413 677 467 in
705 406 1176 484 plumbum'fusum
1204 451 1218 477 ‚
1262 407 1366 462 hoc
1411 405 1627 462 subfistet
1674 407 1726 462 in
1773 407 1818 463 C
1853 413 1931 466 in-

169 500 243 557 fla
288 500 504 555 libellam
532 544 546 570 ,
589 511 641 552 et
675 499 771 553 erit
808 494 1015 550 alt1tudo
1059 490 1476 564 perpendicularis
1521 490 1637 547 DC
1721 497 1933 566 aequalis

166 586 465 658 altitudini,
519 601 645 660 quae
708 580 991 638 obseruatur
1041 579 1094 636 in
1150 581 1275 636 tubo
1334 579 1479 638 recto
1534 579 1757 635 eiusdem
1825 582 1935 658 dias

166 672 341 729 metri.

808 757 947 835 Exp.
999 769 1053 824 ς.
1077 756 1182 830 fig.
1235 766 1289 816 8.

319 844 533 902 Testam
569 843 688 908 fieri
711 847 876 901 curaui
920 843 1182 915 figulinam
1227 840 1465 898 ABCD
1493 885 1509 913 ,
1565 843 1746 899 cauitas
1788 864 1822 901 a
1848 845 1940 904 bc

162 929 355 1004 prisma
401 931 729 1006 repraesentat
753 974 768 1000 ‚
814 930 1029 985 latitudo
1072 928 1217 984 huius
1258 929 1480 983 cauitatis
1522 929 1572 981 in
1617 947 1701 984 ac
1725 931 1793 983 est
1817 933 1930 985 vni-

164 1034 222 1073 us
265 1018 458 1091 pollicis
528 1028 580 1071 et
646 1014 844 1087 semper
908 1008 1193 1069 decrescens
1247 1013 1412 1069 versus
1465 1013 1498 1067 b
1521 1057 1537 1083 ,
1593 1015 1664 1068 ibi
1721 1010 1947 1088 denique

159 1102 226 1160 fit
266 1111 312 1169 ?-0-
361 1103 447 1158 lin.
538 1103 700 1157 Polita
744 1101 862 1154 testa
903 1102 954 1152 in
997 1099 1089 1153 fitu
1134 1097 1436 1153 horizontali
1481 1111 1537 1152 et
1576 1097 1732 1154 infuso
1761 1101 1932 1172 plum-⁵

158 1187 229 1244 bo
273 1190 485 1245 altitudo
530 1187 674 1240 huius
711 1183 879 1239 versus
918 1184 950 1238 b
977 1181 1176 1254 semper
1196 1182 1522 1238 decrescebat.
1613 1185 1794 1239 Fateor
1830 1185 1931 1242 hoc

159 1276 568 1344 experimentum
614 1271 690 1324 bis
734 1287 836 1324 non
883 1286 952 1323 ex
993 1281 1127 1322 voto
1167 1267 1440 1323 successisse,
1527 1268 1671 1326 Nam
1699 1270 1931 1326 distinete

156 1359 359 1430 quidem
402 1360 575 1412 videre
619 1369 726 1409 erat
752 1401 766 1425 ‚
811 1354 1072 1410 metallum
1118 1354 1273 1410 fusum
1318 1353 1411 1407 sese
1458 1356 1686 1412 attollere
1728 1358 1788 1408 ad
1818 1373 1931 1411 ma-

154 1444 322 1498 iorem
373 1444 696 1497 minoremue
740 1441 1053 1494 altitudinem
1081 1482 1097 1509 ⁷
1142 1457 1238 1511 pro
1284 1441 1480 1493 maiore
1521 1454 1606 1495 aut
1628 1441 1826 1494 minore
1852 1442 1926 1494 in-

154 1530 518 1600 tercapedine3
564 1527 642 1581 sed
685 1541 803 1580 cum
849 1526 968 1579 testa
1012 1525 1081 1579 ob
1127 1523 1373 1578 intensum
1420 1524 1565 1579 huius
1618 1526 1801 1580 hiemis
1847 1527 1929 1582 fri-

153 1627 243 1687 gus
287 1630 392 1669 non
438 1615 567 1667 bene
607 1613 724 1667 effet
767 1612 1009 1667 exsiccata
1035 1654 1051 1681 7
1095 1609 1404 1665 infundendo
1459 1610 1733 1682 plumbum
1789 1614 1931 1666 inae-

151 1700 319 1772 quales
375 1696 522 1754 huius
565 1699 853 1755 oriebantur
896 1710 1104 1767 motus,
1149 1709 1210 1750 vt
1236 1695 1364 1749 nulla
1391 1694 1698 1752 decrementi
1725 1696 1810 1752 lex
1836 1700 1934 1753 ob-

148 1785 327 1841 seruari
374 1786 554 1857 poffet.
645 1781 860 1839 Interim
906 1783 1006 1838 hoc
1052 1783 1485 1856 experimentum,
1506 1796 1617 1837 vtut
1661 1799 1924 1855 mancum,

151 1872 360 1928 reticere
406 1871 591 1942 nolui,
635 1871 745 1943 quia
789 1869 841 1921 in
888 1869 1103 1924 metallis
1130 1913 1144 1938 ‚
1187 1869 1248 1922 ad
1289 1885 1415 1939 quae
1474 1867 1716 1922 fundenda
1744 1869 1933 1940 maior,

151 1972 306 2030 quam
355 1950 479 2011 ferre
524 1957 714 2011 vitrum
764 1954 914 2028 poffit
938 2000 951 2024 ,
998 1955 1260 2026 requiritur
1305 1954 1484 2026 gradus
1526 1955 1741 2026 caloris,
1787 1970 1935 2028 egre-

153 2043 238 2118 gie
281 2043 487 2099 cautelis
528 2042 802 2101 necessariis
842 2042 1073 2098 adhiberi
1112 2041 1296 2116 potest.

782 2174 920 2247 Exp.
981 2172 1069 2229 VI
1092 2173 1190 2245 fig.
1243 2191 1312 2242 9,

307 2256 388 2317 Sit
432 2261 579 2317 tubus
621 2259 722 2316 AB
747 2305 763 2331 ,
806 2261 1015 2315 altitudo
1080 2261 1278 2331 plumbi
1336 2259 1458 2314 infra
1502 2258 1723 2313 libellam
1781 2259 1927 2317 subfi-

152 2342 324 2402 flentis
366 2348 623 2402 diametro
667 2348 775 2402 tubi
821 2346 1130 2417 respondens
1162 2341 1282 2399 GH.
1378 2344 1662 2416 immergas
1700 2346 1840 2401 illum
1872 2350 1928 2402 in

153 2432 426 2505 plumbum
473 2435 627 2489 fusum
676 2449 728 2487 et
771 2434 982 2487 altitudo
1026 2431 1370 2485 immersionis
1415 2432 1472 2484 sit
1517 2433 1730 2503 aequalis
1784 2430 1924 2502 GH,

151 2531 236 2574 aut
276 2517 361 2574 illa
405 2522 575 2577 minor
602 2564 619 2593 ‚
659 2520 790 2575 nihil
831 2518 1022 2574 metalli
1069 2519 1119 2571 in
1163 2520 1341 2572 tubum
1385 2518 1598 2573 intrabit.

707 2651 902 2725 Exper.
947 2649 1086 2704 1⁷11.
1117 2649 1221 2719 fig.
1277 2664 1367 2702 10.

309 2729 366 2791 Si
411 2734 587 2789 tubum
633 2731 781 2787 ABC
809 2779 823 2803 ,
865 2736 1175 2802 constantem
1223 2735 1413 2789 duibus
1455 2728 1690 2806 partib11S‚
1735 2732 1924 2805 ampli-

151 2835 244 2876 ore
263 2832 315 2874 et
332 2822 634 2894 angustiore,
663 2820 905 2875 immittas
928 2822 975 2872 in
1006 2820 1275 2891 plumbum
1302 2820 1458 2874 fulissm
1475 2865 1487 2888 ,
1513 2835 1564 2872 et
1590 2820 1799 2872 altitudo
1824 2822 1922 2871 im-

153 2907 418 2966 mersionis
458 2907 652 2986 superet
691 2907 1009 2965 altitudinem
1034 2949 1051 2978 ,
1095 2923 1220 2979 quae
1274 2904 1480 2962 debetur
1525 2907 1778 2960 diametro
1817 2904 1926 2958 tubi

1802 3007 1923 3062 gra-
