2451 3569
229 238 378 302 PER
419 235 623 303 LOCA
664 225 1226 298 PLANETARVM
1263 225 1823 301 GEOCENTMGA
1865 249 1984 313 151

227 393 302 453 Α.
351 389 413 448 C.
467 389 740 448 Anomalia
786 402 948 447 terrae
987 393 1158 452 media

236 483 385 536 1681
464 475 563 534 6S
592 521 608 550 ‚
697 468 815 551 13⁰,
906 470 1029 549 25Ι,
1115 468 1250 530 26²²

233 579 383 631 1701
505 567 546 615 6
590 607 606 635 ‚
698 580 768 630 13
801 607 818 635 ,
907 573 979 626 17
1008 605 1024 632 ,
1120 575 1201 631 50

232 663 385 714 1721
504 653 544 700 6
590 691 607 720 ,
697 665 767 716 13
797 691 813 719 ,
908 661 982 699 10
1007 691 1025 720 ,
1123 663 1202 714 14

229 747 381 801 1741
506 737 545 785 6
590 777 607 806 ‚
697 749 767 802 13
799 776 816 806 ,
950 748 984 785 2
1013 776 1031 806 ,
1117 739 1202 802 38

228 824 382 886 1761
507 822 547 871 6
589 863 606 892 ‚
696 836 767 873 12
796 863 813 891 ,
904 830 977 883 55
1012 860 1028 887 ι
1163 832 1200 868 2

228 914 381 973 1781
506 908 547 957 6
586 949 605 978 ,
698 922 769 958 12
799 946 815 973 ,
902 914 985 968 47
1012 944 1028 971 ,
1118 904 1201 958 26

226 1001 380 1048 1801
501 993 603 1059 6,
693 1005 812 1058 12,
907 1003 1030 1058 39,
1121 1001 1194 1055 51

218 1076 417 1132 Tabula
461 1088 589 1127 vero
632 1090 731 1146 pro
774 1073 1059 1128 mutatione
1101 1067 1386 1128 anomaliae
1430 1088 1529 1146 pro
1572 1071 1695 1131 dato
1737 1088 1996 1134 annorum
2073 1119 2096 1138 ,-

215 1164 435 1217 numero
457 1158 497 1230 ‚j
517 1174 572 1215 et
613 1175 707 1233 pro
747 1159 870 1216 datis
921 1157 1041 1214 anni
1084 1161 1306 1234 partibus
1372 1175 1550 1216 manet
1595 1173 1656 1216 vt
1697 1175 1837 1233 ante,
1873 1179 1997 1220 cum

213 1262 275 1302 ea
298 1289 315 1318 ,
360 1246 474 1319 quia
518 1250 758 1318 tempore
812 1240 1077 1318 periodico
1132 1259 1293 1303 terrae
1344 1245 1402 1301 in
1443 1248 1606 1303 orbita
1651 1246 1734 1302 sua
1776 1248 1955 1302 nititur
1978 1292 1998 1320 ,

211 1331 531 1388 correctione
574 1347 683 1386 non
727 1344 888 1403 egeat.
977 1330 1067 1386 Ex
1101 1332 1190 1388 ¹his
1231 1331 1383 1404 igitur
1427 1333 1606 1389 tabulis
1657 1333 1894 1389 correctis
1928 1332 1995 1391 ad

211 1419 430 1490 quoduis
478 1429 689 1490 tempus
737 1416 916 1472 locum
969 1413 1084 1473 solis
1131 1418 1184 1473 in
1237 1416 1467 1490 ecliptica
1522 1418 1834 1474 exactissime
1879 1418 1990 1474 affi-

211 1517 373 1575 gnare
410 1501 610 1572 licebit,
662 1503 751 1575 qui
795 1500 1037 1556 tutiffime
1078 1505 1130 1557 in
1170 1503 1524 1577 inuestigandis
1544 1504 1855 1578 reliquorum
1879 1503 1993 1578 pla-

212 1598 446 1646 netarum
490 1586 617 1643 locis
659 1585 886 1643 adhiberi
927 1587 1132 1659 poterit.

366 1729 416 1799 §-
455 1747 554 1801 49.
607 1727 792 1786 Orbita
840 1739 1005 1785 terrae
1058 1745 1192 1786 nunc
1244 1727 1459 1786 stabilita
1520 1744 1683 1803 pergo
1736 1727 1800 1786 ad
1844 1726 1991 1787 vtum

208 1812 359 1873 huius
397 1817 636 1873 methodi
683 1814 1062 1871 monstrandum
1116 1817 1170 1871 in
1214 1816 1381 1871 orbita
1434 1811 1770 1888 cuiuscunque
1815 1816 1993 1889 plane·

205 1911 294 1956 tae
335 1919 431 1976 per
485 1901 605 1975 loca,
641 1896 975 1957 Geocentrica
1019 1901 1413 1957 determinanda.
1515 1900 1671 1973 Eligo
1713 1913 1881 1956 autem
1918 1901 2013 1958 ad·

205 1984 313 2044 hoc
352 2003 420 2041 ex
461 1988 683 2060 planetis
734 1986 1057 2043 Mercurium
1114 1985 1430 2059 potiffimum
1458 2030 1474 2058 ,
1528 2004 1652 2042 cum
1692 1987 1828 2060 quod
1885 1988 1991 2042 eius

201 2071 319 2129 loca
358 2072 715 2129 heliocentrica
756 2071 999 2128 rariffime
1041 2071 1301 2129 obseruare
1344 2073 1497 2143 licet,
1552 2084 1666 2127 tum
1721 2072 1856 2146 quod
1913 2084 1990 2127 ta-

204 2156 352 2215 bulae
379 2158 758 2215 astronomicae
801 2175 898 2232 pro
933 2158 1034 2214 hoc
1071 2158 1274 2232 planeta
1300 2159 1534 2215 maxime
1558 2156 1821 2228 differunt,
1849 2158 1986 2214 ideo-

130 2242 134 2243 ’
206 2261 306 2317 que
351 2245 670 2301 corretstione
711 2261 830 2316 prae
875 2246 1052 2299 ceteris
1095 2247 1339 2319 indigent.
1428 2244 1647 2300 Tabulas
1689 2256 1858 2298 autem
1901 2243 1989 2299 hic

204 2345 288 2385 eas
309 2331 624 2404 corrigendas
644 2329 847 2404 suscipio
870 2373 885 2400 ,
922 2346 1050 2402 quae
1104 2332 1275 2386 lexico
1318 2330 1589 2386 Technico
1632 2327 1833 2384 Harrifii
1877 2327 1984 2384 sunt

203 2413 402 2472 insertae
427 2460 450 2489 ,
496 2430 644 2490 atque
707 2417 772 2472 ad
841 2415 1243 2471 obseruatorium
1300 2413 1619 2472 Londinense
1677 2430 1986 2472 accommo-

205 2499 374 2556 datae.
458 2499 702 2558 Statuitur
742 2513 910 2558 autem
957 2503 1010 2557 in
1057 2501 1135 2556 his
1178 2502 1352 2559 tabulis

202 2583 454 2643 Distantia
486 2587 725 2644 mercurii
768 2589 936 2644 media
977 2604 1008 2643 a
1051 2587 1151 2643 sole
1197 2605 1335 2645 a:
1362 2597 1578 2658 38710

203 2672 450 2728 existente
516 2687 676 2729 terrae
739 2674 967 2730 distantia
1043 2677 1211 2731 media
1253 2695 1329 2733 :z
1365 2690 1607 2731 100000

203 2755 457 2817 {Di-stantia
480 2757 585 2813 solis
612 2773 643 2812 a
666 2772 845 2822 centro
869 2761 1064 2816 orbitae
1089 2761 1417 2824 Mercurii:
1442 2776 1477 2832 7
1483 2778 1615 2834 970·

207 2856 357 2918 Vnde
400 2857 757 2919 excentricitas
796 2858 828 2921 k.
848 2873 926 2913 Ξ
956 2854 1074 2937 ἕξ,-
1094 2876 1169 2916 Ξ-’Ξ
1189 2855 1357 2938 ἓξὲξ,

1828 2954 1993 3021 atque
