2451 3569
136 221 494 286 METHOD.
516 224 571 284 V
572 225 691 283 IRI
710 221 1067 283 CELEBER.
1095 218 1383 284 LEONH.
1411 224 1701 288 EULERI
1776 243 1893 298 225

140 376 230 435 Ex
272 379 349 434 his
390 378 515 432 datis
557 376 746 447 regulae
790 389 1032 449 poterunt
1075 379 1241 447 tradi,
1284 388 1392 432 tam
1438 380 1501 433 ad
1546 379 1761 450 singulos
1782 379 1903 438 Me-

139 465 448 518 ridianorum
493 462 663 535 gradus
686 506 701 534 ,
771 465 926 534 quam
968 461 1045 515 ad·
1083 462 1261 533 gradus
1339 462 1699 519 Parallelorum
1771 464 1901 521 defi-

142 548 369 603 niendOS.

750 646 1165 741 Problema.
1226 663 1279 743 1.

140 801 243 858 Sub
287 799 410 856 data
447 782 728 861 Eleztation&
770 796 877 860 Posi
919 792 1121 880 definire
1164 805 1488 876 quantitatem
1532 805 1676 863 vnius
1706 801 1906 878 gradus

137 904 189 957 in
213 899 285 956 M
288 898 528 957 eridiano.
1713 892 1726 894 ”

867 1020 1182 1102 solutio.

140 1161 256 1219 Bini
311 1160 443 1217 casus
483 1159 590 1215 sunt
631 1159 942 1233 respiciendi,
1001 1161 1179 1233 prior,
1221 1161 1258 1218 fi
1311 1160 1546 1218 Eleuatio
1590 1161 1702 1218 Poli
1747 1162 1908 1224 maior

137 1249 240 1318 fit,
280 1263 434 1319 quam
478 1254 613 1317 450,
658 1246 928 1318 posterior,
954 1246 990 1302 fi
1013 1248 1169 1302 minor
1205 1244 1264 1303 stt
1306 1264 1460 1321 quam
1505 1241 1626 1317 45⁰.
1673 1249 1908 1323 Vtroque

136 1332 245 1388 casu
287 1331 526 1388 Eleuatio
569 1330 681 1385 Poli
726 1331 798 1384 bis
842 1329 1088 1401 sumatur,
1114 1348 1174 1385 ac
1212 1331 1375 1406 priori
1419 1332 1524 1388 casu
1570 1333 1787 1390 exceffils
1832 1335 1908 1389 su

136 1434 227 1490 pra
273 1424 405 1485 900,
452 1405 716 1487 posteriori
769 1413 995 1471 defestus
1033 1416 1162 1471 infra
1206 1416 1327 1483 90⁰.
1448 1430 1648 1473 notetur
1686 1438 1702 1490 ε,
1758 1434 1907 1492 atque

137 1502 237 1558 siue
280 1499 495 1555 excessus
534 1500 630 1554 siue
674 1498 892 1555 defestus
943 1501 1168 1573 capiatur
1226 1500 1588 1572 Logarithmus
1638 1504 1764 1561 smus
1787 1547 1803 1577 ,
1844 1503 1910 1564 ad

73 1590 79 1596 '
139 1602 357 1659 eumque
401 1595 649 1657 perpetuo
688 1583 895 1639 addatur
930 1586 1024 1639 iste
1063 1583 1429 1659 Logarithmus

828 1696 1215 1763 2‚6718815

142 1802 291 1863 atque
333 1805 362 1844 a
407 1786 602 1843 summa
643 1786 950 1843 subtrahatur
990 1786 1358 1861 Logarithmus
1399 1787 1526 1845 smus
1567 1792 1720 1848 totius

851 1914 922 1951 10
951 1912 1233 1952 0000000

137 2003 464 2078 Logarithmi
508 2004 679 2060 residui
718 2016 982 2079 quaeratur
1025 2020 1257 2060 numerus
1298 2001 1613 2076 respondens,

141 2090 238 2146 Iste
286 2107 521 2145 numerus
570 2091 672 2146 hoc
727 2091 892 2146 modo
945 2090 1176 2149 inuentus
1199 2134 1214 2161 ,
1272 2089 1430 2161 priori
1475 2088 1583 2143 casu
1611 2106 1768 2163 ,quo
1789 2089 1906 2146 Ele·

140 2175 283 2230 vatio
307 2175 416 2229 Poli
442 2176 608 2230 maior
631 2177 699 2231 est
711 2193 896 2249 ,quam
921 2183 1041 2246 450,
1065 2174 1267 2230 addatur
1292 2174 1352 2229 ad
1380 2185 1579 2238 57117
1604 2210 1617 2240 ,
1652 2179 1692 2226 6
1716 2175 1903 2249 hexap.

140 2261 405 2333 posteriori
491 2260 599 2316 casu
687 2275 899 2333 autem,
954 2278 1058 2334 quo
1113 2261 1349 2317 Eleuatio
1405 2258 1513 2314 Poli
1556 2260 1731 2314 minor
1783 2273 1908 2332 erat,

147 2362 299 2417 quam
344 2352 444 2413 450
489 2328 791 2401 subtrahatur
835 2363 864 2400 a
915 2360 1151 2415 57117,
1207 2349 1246 2396 6
1292 2356 1344 2397 et
1386 2360 1624 2398 numerus
1675 2343 1909 2401 resultans

140 2430 280 2569 1dabit
330 2432 735 2592 {agnitudinem
793 2431 968 2503 gradus
1010 2429 1284 2488 Meridiani
1339 2429 1391 2483 in
1435 2428 1718 2504 hexapedis
1769 2430 1906 2490 Pari.-

161 2531 264 2569 mis.
389 2558 399 2568 .
445 2517 512 2574 Ε.
559 2516 602 2573 Ι.

701 2640 1197 2749 Exemplum.
1262 2669 1317 2717 1.

142 2774 422 2851 Quaeratur
463 2777 636 2848 gradus
675 2777 948 2836 Meridiani
988 2780 1070 2835 sub
1115 2780 1221 2857 ipso
1263 2780 1551 2856 Aequatore

237 2861 375 2920 Tom.
416 2862 561 2920 XII.
972 2864 1013 2918 F
1059 2865 1092 2918 f
1196 2924 1197 2929 ἵ
1783 2867 1900 2927 Ele.
