2451 3569
448 206 582 327 Ξόῤ
670 265 782 325 DE
832 254 943 320 TV
945 255 1068 319 BIS
1124 250 1630 316 CAPILLARIBV
1630 257 1673 314 S
1718 250 2217 319 PRISMATICLS'

465 418 667 479 arstior.
758 414 1004 489 Defignet
1047 410 1094 468 C
1121 455 1136 481 ,
1171 409 1488 464 »altitudinem
1531 407 1778 463 adsteniiis
1818 428 1970 483 aquae
1995 452 2011 481 ,
2053 409 2124 486 Q
2147 425 2229 465 ra-

463 506 635 560 dicem
678 500 848 558 baseos
891 506 941 555 in
984 497 1268 570 ampliori,
1307 508 1361 548 et
1402 513 1430 550 c
1457 539 1471 563 ,
1513 493 1821 548 altitudinem
1863 512 2017 566 aquae
2063 497 2233 551 eleuaae

457 601 568 665 tae,
613 604 674 669 q,
702 604 827 643 vero
868 587 1089 641 radicem
1116 580 1281 636 baseos
1303 581 1355 635 in
1400 580 1597 634 arstiori
1625 623 1639 650 ,
1672 579 1772 633 erit
1799 575 1848 633 C
1875 597 1937 634 :c
1959 597 2033 633 :z
2057 596 2091 653 q
2119 604 2129 637 2
2155 582 2228 658 Q.

621 671 827 728 TBDE
871 671 961 743 fig.
997 684 1070 724 10
1101 712 1116 738 ‚
1159 667 1364 721 denotet
1388 665 1562 719 tubum
1587 664 1877 737 capillarem
1904 664 2232 733 cylindricum

463 759 776 832 ampliorem
803 802 819 829 ‚
849 755 1010 835 fbde
1037 797 1052 825 ‚
1100 753 1188 827 fig.
1225 768 1290 804 ιι
1325 795 1339 822 ,
1385 751 1672 806 arctiorem.
1758 751 1808 806 E
1845 761 1899 804 et
1939 767 1968 805 e
1991 748 2083 804 fint
2125 752 2232 806 alti-

467 846 665 908 tudines
692 886 710 914 ‚
756 844 821 899 ad
865 860 983 915 quas
1025 857 1150 914 aqua
1193 838 1405 893 ascendit
1429 881 1443 907 ,
1491 834 1548 892 D
1590 849 1642 890 et
1685 836 1723 892 d
1763 836 1998 890 diametri
2040 827 2088 888 B
2111 849 2165 890 et
2183 838 2239 907 b,

462 931 598 991 bases
635 929 936 985 circulorum
962 971 978 997 ‚
1019 928 1118 981 erit
1161 925 1245 981 E:
1273 942 1302 979 e
1328 941 1401 979 :-
1425 923 1465 977 d
1484 944 1496 977 ·:
1518 920 1574 978 D
1620 919 1698 979 sed
1744 920 1875 976 bases
1917 919 2240 977 circulorum

463 1013 572 1071 fimt
614 1017 744 1071 inter
784 1014 829 1068 se
873 1024 931 1068 vt
974 1012 1209 1086 quadrata
1254 1010 1645 1076 diametrorum,
1681 1008 1797 1061 ideo
1839 1005 1886 1061 13
1913 1024 1924 1061 ε
1950 1006 2081 1063 b:
2107 997 2231 1062 D':

468 1093 548 1175 ἐξ
597 1099 909 1156 extrahendo
933 1098 1119 1153 radices
1162 1095 1230 1148 est
1272 1090 1418 1146 VB:
1447 1090 1545 1146 Vb
1571 1110 1645 1145 z:
1669 1090 1761 1148 D:
1787 1092 1862 1163 d,
1907 1092 2117 1165 possum..
2141 1093 2236 1148 ita.

463 1202 564 1258 que
608 1201 706 1256 pro
750 1184 1006 1238 diametris
1048 1181 1231 1233 radices
1271 1177 1553 1233 substituere
1595 1190 1646 1231 et
1690 1178 1859 1232 dicere
1904 1178 1978 1232 vti
2004 1175 2235 1234 Vbsz

467 1270 520 1332 E
546 1292 557 1327 t
580 1288 625 1325 e.
726 1267 883 1341 Igitur
938 1279 1117 1320 omnes
1171 1262 1453 1323 altitudines
1508 1273 1615 1316 tam
1661 1263 1713 1314 in
1757 1262 1886 1317 tubis
1928 1264 2240 1335 capillaribus

467 1353 771 1432 prismaticis
837 1369 991 1424 quam
1060 1347 1340 1420 cylindricis
1394 1345 1501 1403 sunt
1568 1346 1621 1402 in
1665 1346 1855 1402 ratione
1898 1348 2087 1403 inuersa
2130 1348 2234 1405 sub·

468 1441 724 1519 duplicata
767 1438 977 1494 basium.
2002 1478 2009 1481 .

632 1524 819 1586 Institui
881 1522 1079 1595 insuper
1133 1532 1185 1575 et
1235 1518 1334 1574 alia
1391 1519 1746 1591 experimenta
1800 1533 1918 1573 cum
1983 1515 2061 1573 his
2112 1518 2244 1575 tubis

471 1612 774 1690 prismaticis
797 1653 811 1680 ‚
865 1607 945 1665 sed
1004 1624 1123 1663 cum
1177 1605 1536 1678 phaenomena
1594 1603 1790 1676 prorsus
1832 1604 2200 1659 conueniebant
2218 1647 2239 1674 ,

471 1715 590 1757 cum
639 1698 699 1752 iis
721 1740 737 1767 ‚
778 1710 904 1767 quae
946 1693 999 1747 in
1045 1692 1173 1753 tubis
1215 1690 1498 1761 cylindricis
1543 1689 1676 1750 fuere
1714 1687 2017 1762 obseruata3
2076 1688 2242 1763 super-

470 1798 694 1838 vacuum
741 1780 909 1836 habeo
965 1777 1053 1833 ista
1095 1777 1452 1851 experimenta
1495 1774 1746 1846 sigillatim
1791 1791 2087 1830 enumerare
2111 1818 2127 1846 ,
2150 1773 2241 1831 suf-

468 1868 608 1926 ficiat
651 1867 817 1943 potius
857 1865 1142 1941 praecipuas
1185 1861 1552 1940 propositiones
1605 1877 1672 1919 ex
1717 1860 1774 1919 iis
1817 1873 1978 1919 erutas
2021 1860 2107 1920 hic
2147 1878 2242 1936 ap-

467 1971 673 2031 ponere.

635 2039 700 2095 In
741 2039 873 2095 tubis
912 2038 1211 2113 prismaticis
1254 2053 1322 2093 ex
1364 2052 1488 2111 aqua
1531 2036 1727 2093 sublatis
1780 2047 1832 2092 et
1875 2036 1928 2092 in
1971 2050 2083 2093 aere
2129 2049 2245 2110 per-

471 2125 866 2203 pendiculariter
910 2125 1077 2198 positis
1115 2141 1241 2196 aqua
1282 2123 1497 2196 suspensa
1543 2123 1729 2178 haeret.

632 2209 695 2268 In
740 2211 872 2267 tubis
915 2210 1215 2282 prismaticis
1257 2210 1320 2264 ad
1365 2210 1690 2264 horizontem
1726 2207 1976 2264 inclinatis
2019 2222 2143 2282 aqua
2181 2221 2242 2262 a·

469 2295 661 2354 (cendit
703 2313 798 2370 pro
840 2294 1096 2351 altitudine
1139 2294 1557 2367 perpendiculari.

636 2381 701 2437 In
744 2398 910 2438 vacuo
952 2396 1080 2453 aqua
1120 2378 1338 2435 ascendit
1381 2380 1436 2434 in
1478 2379 1626 2435 tubos
1666 2379 1761 2435 hos
1804 2377 2120 2452 prismaticos
2160 2392 2246 2433 ae-

472 2484 571 2541 que
611 2483 668 2522 ac
716 2469 769 2522 in
812 2467 973 2522 libero
1013 2481 1144 2524 aere.
1226 2464 1288 2520 In
1341 2466 1470 2522 tubis
1495 2510 1510 2538 ,
1551 2465 1793 2521 diuersam
1850 2464 2240 2536 amplitudinem

474 2553 532 2608 in
574 2551 654 2606 sua
710 2552 1025 2623 longitudine
1080 2551 1448 2608 continentibus
1474 2592 1490 2618 ‚
1559 2549 1725 2605 baieos
1779 2549 1887 2603 tubi
1942 2547 2197 2621 supremae
2221 2591 2240 2620 ,

475 2637 538 2693 ad
565 2653 718 2711 quam
742 2652 865 2708 aqua
911 2635 1144 2708 pertingit
1162 2680 1178 2706 ‚
1221 2637 1349 2689 ratio
1392 2636 1464 2690 est
1503 2635 1753 2690 habenda.
1821 2633 1882 2688 In
1926 2634 2056 2689 tubis
2098 2636 2245 2689 vario

476 2725 643 2781 modo
696 2722 896 2777 inflexis
948 2736 1073 2792 aqua
1126 2719 1344 2775 eleuatur
1384 2736 1481 2792 pro
1523 2719 1780 2775 altitudine
1825 2719 2278 2793 perpendicularis

406 2808 409 2809 ⁷
476 2807 757 2867 Mercurius
799 2807 850 2861 in
892 2806 1019 2860 tubis
1061 2804 1358 2878 prismaticis
1398 2803 1522 2861 infra
1565 2804 1791 2861 libellam
1815 2805 2036 2860 consistit
2057 2819 2107 2861 et
2130 2804 2241 2878 qui-

476 2894 602 2951 dem
658 2909 811 2971 quam
872 2892 1113 2969 proxime
1168 2891 1225 2949 in
1275 2890 1471 2949 ratione
1527 2890 1712 2964 inuersa
1767 2891 2097 2970 subduplicata
2153 2891 2243 2945 ba·

476 2977 625 3039 fium.
799 3019 803 3020 ff
1226 3023 1236 3037 „
1869 2971 1880 2990 ³
2083 2975 2242 3034 Perti-
