2451 3569
125 233 128 238 ’
210 226 359 314 m
402 244 609 311 LOCA
648 243 1183 310 PLANETARJW
1222 243 1536 313 Gssocaffl
1508 254 1590 312 η
1584 254 1727 314 n„
1731 257 1761 314 —i
1861 272 1980 329 ω

204 404 324 461 loco
365 401 628 459 obseruato
679 403 898 458 omnino
961 405 1083 458 certi
1138 403 1235 457 effe
1289 421 1531 474 queamus
1554 447 1569 474 ,
1641 411 1983 480 quamobrem

207 488 303 546 hae
345 487 715 544 obseruationes
757 507 786 544 a
832 489 1202 544 refrac‘tionibus
1245 500 1364 541 ante
1410 491 1607 560 penitus
1652 498 1852 566 pnrgari
1895 499 1979 553 de.

204 574 327 630 bent
350 619 365 645 ,
409 592 562 647 quam
609 591 677 629 ex
716 574 778 628 iis
816 574 1085 646 longitudo
1139 589 1198 628 ac
1240 573 1455 630 latitudo
1507 579 1825 646 geocentrica
1870 582 1985 652 pla-

198 670 341 714 netae
394 660 738 716 concludatur.
841 658 1046 714 Praeter
1097 657 1188 713 has
1242 672 1413 714 autem
1475 661 1673 717 vfitatas
1725 667 1981 724 cautiones

197 746 435 801 maxime
477 747 609 800 ratio
651 745 1033 818 propagationis
1085 744 1207 800 lucis
1257 744 1433 799 haberi
1480 746 1632 802 debet
1655 792 1669 820 ,
1716 768 1815 823 qua
1859 750 1979 807 lon-

195 830 376 902 gitudo
421 830 654 903 planetae
696 830 946 886 obseruata
987 828 1154 884 modo
1196 842 1404 900 augetur
1446 832 1610 886 modo
1654 835 1975 895 diminuitur.

194 914 313 972 Nifi
359 919 499 972 enim
535 917 660 972 haec
684 915 933 969 correctio
977 913 1217 969 habeatur
1241 957 1256 984 ‚
1305 926 1477 970 motus
1519 916 1750 988 planetae
1796 925 1979 993 nequi-

194 1000 318 1055 dem
365 1002 475 1057 talis
517 999 820 1071 spectabitur
842 1043 858 1070 ‚
904 999 1061 1072 qualis
1103 1016 1222 1054 cum
1266 999 1461 1056 theoria
1503 1001 1823 1074 planetarum
1869 1006 1976 1062 Ke-·

187 1085 413 1159 pleriana
455 1085 732 1157 congruit:
775 1083 1003 1158 hancque
1047 1087 1376 1157 praecipuam
1419 1086 1517 1140 effe
1558 1088 1754 1145 caulam
1801 1093 1976 1150 existi-

190 1187 289 1225 mo
310 1214 324 1240 ‚
370 1171 506 1242 quod
552 1173 838 1226 etiamnunc
880 1188 970 1244 per
1013 1170 1343 1227 exactiffimas
1385 1171 1749 1230 obseruationes
1773 1178 1971 1234 tabulae

185 1255 549 1312 astronomicae
604 1273 723 1311 cum
779 1257 1205 1313 obseruationibus
1241 1257 1466 1330 -penitus
1532 1261 1791 1316 conciliari
1859 1279 1970 1320 non

181 1343 462 1414 potuerint.
498 1332 509 1344 ’
561 1341 793 1398 Viciffim
849 1356 1020 1398 autem
1066 1344 1106 1399 fi
1147 1343 1340 1398 tabulae
1384 1343 1580 1415 prorsus
1631 1344 1726 1402 fint
1768 1364 1970 1405 correc-

180 1438 294 1497 tae,
328 1427 440 1482 loca
463 1426 773 1501 planetarum
815 1444 886 1482 ex
928 1429 989 1483 iis
1031 1445 1124 1502 per
1166 1429 1414 1484 calculum
1456 1430 1673 1486 deduc’ta
1713 1449 1818 1487 non
1856 1435 1966 1490 im-

181 1513 407 1568 mediate
460 1530 583 1569 cum
636 1512 1057 1569 obseruationibus
1109 1513 1403 1586 comparari
1445 1519 1684 1570 conuenit
1708 1559 1726 1586 ‚
1770 1534 1960 1576 verum

180 1613 241 1653 ea
287 1615 484 1672 quoque
524 1601 577 1654 in
616 1598 728 1653 loca
770 1600 1063 1671 apparentia
1114 1612 1260 1654 antea
1313 1601 1542 1655 conuerti
1596 1602 1785 1656 debent
1808 1648 1822 1672 ‚
1869 1607 1961 1662 ad-

177 1681 341 1739 hibita
384 1701 443 1739 ea
485 1685 837 1750 correctione,
896 1701 1047 1756 quam
1105 1684 1409 1757 propagatio
1464 1683 1584 1742 lucis
1635 1687 1959 1760 suppeditatz

177 1786 274 1842 qua
317 1771 383 1827 de
426 1787 481 1824 re
523 1771 574 1824 in
617 1787 675 1824 ea
721 1766 1100 1838 diflertatione‘,
1144 1787 1240 1840 qua
1285 1768 1640 1841 phaenomena
1686 1789 1717 1826 a
1759 1792 1960 1850 propa-

174 1856 381 1928 gatione
424 1855 548 1909 lucis
586 1851 844 1910 succeffiua
889 1853 1098 1908 oriunda
1151 1852 1399 1926 exposui,
1452 1853 1596 1910 fufius
1637 1850 1738 1929 egi.

335 1941 378 2007 ς.
411 1953 510 2004 30.
577 1939 835 2012 Aequatio
899 1953 1075 1994 autem
1128 1954 1200 1994 ex
1250 1941 1623 2012 propagatione
1677 1942 1798 1996 lucis
1842 1959 1959 2002 orta

174 2041 273 2100 pro
313 2038 442 2081 terra
486 2026 555 2080 ita
598 2024 646 2079 ie
689 2024 845 2080 habet
866 2066 881 2093 ‚
926 2037 988 2080 vt
1028 2024 1297 2097 longitudo
1341 2039 1501 2079 terrae
1544 2025 1797 2083 obseruata
1835 2047 1951 2103 per-

171 2124 336 2184 petuo
378 2113 543 2184 augeri
598 2111 779 2166 debeat
827 2105 958 2163 20²²
997 2128 1100 2183 quo
1157 2111 1297 2167 facio
1349 2112 1390 2166 is
1430 2113 1612 2184 prodit
1662 2126 1824 2170 terrae
1866 2115 1957 2173 vel

169 2196 283 2253 solis
323 2197 500 2269 locus,
552 2198 607 2252 in
665 2212 765 2272 quo
819 2210 1090 2270 appareret
1114 2242 1134 2268 ‚
1185 2197 1222 2254 fi
1278 2198 1455 2253 lumen
1492 2199 1547 2251 in
1587 2198 1787 2255 instanti
1829 2218 1954 2274 pro-

168 2296 454 2356 pagaretur.
560 2283 651 2339 Ex
697 2283 910 2338 cuiusuis
977 2297 1148 2339 autem
1217 2283 1450 2357 planetae
1515 2282 1634 2339 loco
1686 2284 1956 2342 obseruato

169 2366 306 2424 locus
349 2384 497 2424 verus
520 2413 537 2440 ‚
590 2370 646 2425 in
698 2385 806 2443 quo
850 2370 1226 2442 conspiceretur
1248 2412 1265 2439 ,
1317 2369 1352 2425 fi
1407 2368 1585 2424 lumen
1641 2369 1697 2423 in
1744 2369 1954 2428 instanti

166 2455 232 2508 ad
273 2471 368 2509 nos
407 2456 732 2528 perueniret,
772 2472 868 2528 per
907 2453 1195 2527 sequentem
1242 2453 1472 2527 regulam
1521 2466 1737 2510 eruetur.
1790 2456 1845 2512 A
1871 2455 1953 2512 10-

168 2555 237 2593 co
281 2538 514 2610 planetae
568 2543 622 2598 in
673 2542 903 2615 ecliptica
974 2540 1235 2596 obseruato
1261 2584 1274 2611 ‚
1342 2539 1420 2596 ieu
1478 2541 1581 2594 eius
1625 2539 1947 2614 longitudIne

166 2624 481 2697 geocentrica
543 2627 800 2684 obseruata
877 2626 1189 2682 subtrahatur
1238 2625 1502 2698 longitudo
1543 2637 1701 2680 terrae
1727 2669 1745 2696 ,
1788 2644 1946 2702 quam

165 2726 233 2764 eo
275 2723 514 2783 tempore
554 2713 757 2769 obtinet
780 2757 798 2786 ,
835 2713 1110 2786 residuique
1155 2730 1295 2768 arcus
1339 2712 1468 2768 finus
1511 2709 1571 2767 s1t
1612 2729 1687 2767 :3
1714 2731 1764 2789 μ
1794 2758 1808 2785 ,
1850 2728 1946 2769 co-

164 2804 295 2862 finus
320 2824 395 2860 :-
427 2823 517 2862 m:
588 2818 706 2862 tum
761 2823 1028 2881 quaeratur
1075 2809 1276 2883 angulus
1327 2809 1465 2864 cuius
1518 2808 1642 2863 finus
1685 2808 1755 2861 est
1779 2798 1947 2878 :ffiff

161 2890 488 2968 eiusdemque
547 2894 720 2968 anguli
785 2895 1010 2971 capiatur
1059 2896 1249 2953 cosmus
1273 2940 1289 2970 ‚
1344 2896 1430 2969 qui
1472 2894 1531 2951 sit
1562 2910 1640 2947 r:
1664 2908 1742 2969 q:
1786 2892 1868 2947 seu
1906 2908 1944 2949 a

1820 2978 1942 3036 1011⁴
