2451 3569
454 180 906 255 OBSERWHO
952 182 1297 257 ECLIPSIS
1335 194 1666 262 SOLARIS
1829 200 1864 277 ᾗ,
1876 220 1952 279 37

195 348 403 422 punctis
446 351 497 404 A
523 394 538 420 ,
579 346 627 402 B
653 393 666 419 ‚
712 361 763 404 et
806 350 954 429 reeta·
982 368 1031 406 m
1058 370 1105 425 μ.
1158 352 1399 424 positione
1425 396 1440 422 ,
1496 354 1672 411 dantur
1727 370 1958 418 centrum

191 431 255 488 G
298 439 349 489 et
390 436 548 490 radius
592 436 758 490 circuli
802 451 892 507 per
959 438 1144 507 puncta
1188 438 1241 490 A
1267 482 1282 507 ‚
1330 435 1378 491 B
1431 439 1720 496 transeuntis
1785 459 1836 499 et
1880 461 1967 502 req

201 519 341 574 stam
386 538 495 595 ηιμ
543 522 789 592 'tangentis
814 564 829 590 ,
876 521 979 574 hoc
1024 523 1092 576 est
1125 565 1141 591 ,
1184 523 1365 601 dantur
1399 537 1635 583 ,centrum
1653 525 1826 584 Lunae
1868 546 1965 602 po..

198 604 375 659 sitione
416 621 469 661 et
509 606 877 661 semidiameter
916 609 1022 661 eius
1064 610 1426 680 magnitudine.
1518 610 1681 666 Huius
1722 615 1792 668 rei
1833 616 1967 671 vlte-

199 690 393 745 riorem
439 705 491 746 et
531 691 830 761 analyticam
877 694 1248 765 expositionem
1296 697 1407 751 dedi
1451 697 1504 750 in
1549 699 1834 754 recensione
1869 702 1966 756 ob-

200 774 490 831 seruationis
533 779 727 850 eclipfis
780 777 988 832 Lunaris
1037 781 1087 833 d.
1142 785 1193 833 8.
1241 778 1524 854 Septembr.
1580 795 1754 850 1737.
1804 786 1861 841 st¹>
1906 804 1960 845 n.

197 858 370 917 Simlli
442 865 604 917 modo
658 863 946 936 proceditur
971 907 988 932 ,
1043 864 1082 918 fi
1137 864 1264 918 aliae
1316 868 1498 920 dentur
1562 866 1967 927 obseruationum

200 950 532 1007 conditiones.
841 1009 844 1012 Δ

361 1035 501 1090 Haec
542 1034 750 1108 phaseos
793 1036 1099 1092 constructio
1123 1081 1139 1106 ,
1180 1055 1306 1109 quae
1330 1039 1439 1093 fatis
1476 1041 1715 1111 expedita
1739 1043 1964 1115 videtur,

198 1118 435 1193 supponit
481 1120 667 1177 discum
685 1122 856 1176 Lunae
901 1123 1032 1176 intra
1078 1120 1267 1175 discum
1295 1120 1427 1177 Solis
1451 1124 1735 1180 immotum
1759 1129 1968 1196 interea,

204 1206 327 1260 dum
375 1207 598 1278 appulfils
641 1223 887 1261 cornuum
933 1220 984 1259 et
1026 1207 1173 1260 limbi
1198 1205 1372 1260 Lunae
1414 1209 1476 1262 ad
1523 1208 1607 1264 fila
1653 1211 1758 1266 tubi
1803 1212 1968 1269 obser-

205 1293 304 1346 uati
351 1293 471 1346 sunt.
564 1291 680 1345 Hoc
724 1304 889 1344 autem
930 1290 1207 1362 supponere
1253 1309 1360 1346 non
1405 1294 1563 1366 licet,
1621 1296 1708 1349 nisi
1765 1298 1968 1353 eximiis

201 1376 402 1430 subinde
445 1376 694 1430 erroribus
734 1376 911 1430 locum
953 1378 1229 1431 concedere
1273 1378 1502 1434 velimus.
1592 1378 1770 1435 Discus
1790 1381 1966 1437 Lunae

201 1461 333 1515 intra
379 1461 568 1516 discum
596 1460 727 1515 Solis
770 1460 918 1514 situm
964 1463 1210 1516 continuo
1281 1477 1487 1535 mutat,
1554 1456 1779 1534 adeoque
1848 1484 1969 1525 mo·

198 1561 377 1600 <menta
420 1545 652 1618 appulsus
697 1542 944 1600 cornuum
995 1545 1245 1602 obseruata
1291 1549 1509 1605 multum
1558 1549 1833 1620 stepiffime
1871 1550 1969 1605 dis-

199 1648 405 1703 crepare
450 1632 636 1686 debent
676 1650 704 1686 a
749 1633 1030 1686 momentis
1056 1677 1071 1702 ,
1116 1633 1289 1705 quibus
1332 1633 1556 1706 appulsus
1608 1634 1686 1689 isti
1720 1636 1969 1693 <obserua-

202 1718 240 1771 ti
285 1717 512 1788 fuiflent,
558 1717 597 1772 fi
640 1718 797 1772 discus
837 1716 1013 1772 Lunae
1054 1720 1182 1774 intra
1225 1717 1412 1774 discum
1459 1718 1587 1775 Solis
1631 1720 1834 1775 durante
1879 1723 1971 1780 oba

200 1801 478 1858 seruatione
522 1804 770 1857 immotus
823 1803 1121 1874 perstitisset.
1217 1802 1272 1859 Si
1329 1805 1484 1877 igitur
1551 1808 1688 1862 iuxta
1752 1807 1966 1863 metho-

204 1890 328 1943 dum
378 1888 520 1961 fiipra
563 1889 853 1962 expositam
901 1890 1207 1944 constructio
1247 1889 1456 1963 phaseos
1506 1891 1681 1963 suscipi
1742 1893 1968 1963 debeat,

207 1976 400 2030 neceffe
443 1976 512 2030 est
538 2017 553 2040 ‚
599 1989 661 2029 vt
728 1973 955 2048 appulsus
999 1993 1244 2030 cornuum
1291 1989 1341 2030 et
1382 1976 1716 2031 limbiLunae
1760 1994 1827 2031 ex
1871 1979 1969 2033 ob-

207 2060 481 2117 seruatione
527 2061 741 2134 acquisiti
784 2060 1100 2115 correc'tione
1144 2062 1306 2134 aliqua
1351 2062 1471 2115 tales
1495 2063 1821 2130 efficiantur,
1852 2081 1973 2136 qua-

203 2145 275 2201 les
316 2147 557 2202 obseruari
603 2147 793 2202 fuiflent
818 2191 833 2218 ,
877 2147 911 2202 fi
956 2145 1099 2201 Luna
1144 2147 1294 2203 s1tum
1340 2149 1394 2202 in
1436 2149 1572 2205 disco
1610 2146 1741 2204 Solis
1781 2151 1971 2204 interea

203 2247 308 2286 non
352 2234 600 2288 mutasset.

364 2319 463 2375 Pro
508 2318 806 2375 definiendis
843 2321 1092 2377 eiusmodi
1137 2322 1528 2377 correctionibus
1563 2320 1825 2394 requiritur
1852 2364 1867 2390 ,
1908 2329 1971 2375 vt

208 2400 418 2476 sciatur,
464 2423 559 2479 qua
608 2407 802 2461 ratione
848 2408 1126 2479 progressus
1151 2409 1324 2462 Lunae
1369 2425 1460 2479 per
1503 2409 1688 2462 discum
1733 2406 1864 2462 Solis
1899 2406 1970 2461 fa-

212 2488 322 2544 stus
374 2492 447 2544 fit.
533 2493 618 2547 Ad
666 2491 802 2546 hunc
845 2509 971 2565 ergo
995 2493 1394 2566 cognoscendum
1423 2492 1794 2565 proiectionem
1822 2491 1975 2563 eclip-

212 2574 319 2629 seos
363 2575 814 2649 orthographicum
855 2579 1007 2633 ‘effeci
1053 2596 1154 2651 ope
1201 2578 1600 2645 elementorum,
1649 2594 1772 2645 quae
1813 2577 1971 2630 calcu-

208 2660 285 2715 lus
328 2677 394 2714 ex
437 2661 642 2715 Tabulis
686 2663 1037 2719 Ludovicianis
1081 2666 1318 2720 institutus
1362 2663 1742 2720 subministrauit
1766 2706 1779 2731 ,
1822 2663 1968 2714 exin-

212 2746 278 2800 de
329 2764 451 2800 vero
496 2747 796 2818 positionem
840 2749 1044 2803 semitae
1089 2749 1218 2804 visae
1264 2751 1423 2806 centri
1460 2750 1631 2804 Lunae
1667 2764 1755 2818 per
1781 2745 1966 2800 discum

211 2829 345 2890 Solis
389 2834 735 2891 determinaui.
823 2835 1068 2910 Exponat
1092 2834 1254 2905 figura
1299 2854 1355 2905 3.
1403 2836 1805 2913 proiectionem,
1849 2845 1971 2903 qua·

299 2920 444 2976 Tom.
492 2918 630 2977 XII.
1041 2919 1093 2974 V
1117 2935 1154 2974 v
1913 2913 1971 2970 lis
