2451 3569
465 246 593 330 316
757 236 1382 310 OBSERVATIONES
1427 237 1955 301 ANATOMICAE.

1043 399 1179 454 ται).
1222 395 1374 452 v111.
1421 393 1531 466 rig.
1583 411 1637 448 2.

471 495 723 554 Monstrat
784 494 1263 553 communicationis
1326 490 1550 547 canalem
1576 531 1591 559 ,
1655 487 1839 544 duabus
1889 489 2031 545 venis
2070 484 2206 543 cauis

475 580 733 641 insertum.

1061 695 1477 807 Olfimtatio
1531 697 1637 779 ΙΙ.

1326 856 1386 897 ne

475 935 626 997 Vena
667 933 879 1010 iugulari
920 942 1129 990 externa
1155 977 1170 1004 ,
1221 934 1385 1007 quoad
1413 927 1705 1007 progrcffitm
1730 975 1745 1001 ,
1790 927 2014 1005 triplici,
2065 931 2232 1006 quoad

911 1014 1210 1090 insertionem
1249 1028 1412 1074 autem
1454 1016 1779 1091 quadruplici.

481 1099 568 1196 V
579 1127 642 1183 {su
695 1120 1096 1191 consider-situque
1165 1121 1361 1192 elegans
1413 1134 1657 1172 venarum
1711 1118 2007 1190 iugularium
2060 1131 2227 1175 exter-

485 1227 665 1270 narum
721 1206 772 1257 in
816 1204 1053 1256 cadauere
1094 1204 1312 1274 quodam
1339 1246 1353 1271 ,
1417 1210 1595 1268 1738.
1638 1202 1890 1273 diflectO,
1951 1205 2230 1277 trigeminis

488 1294 673 1354 truncis
713 1288 974 1342 obu'iarum
1019 1287 1306 1341 constitutio
1348 1286 1547 1357 sequens
1598 1286 1739 1338 nobis
1777 1289 2006 1342 occurrit.

650 1373 782 1431 Cute
825 1372 945 1427 colli
986 1373 1275 1444 myodeque
1316 1369 1615 1444 expansione
1678 1370 1852 1423 demta
1881 1411 1898 1439 ,
1954 1374 2234 1428 extraordi-

492 1467 655 1524 narius
697 1457 957 1513 tracheam
1004 1457 1341 1529 supercurrens
1394 1452 1683 1526 conspectus
1748 1454 1845 1508 fuit
1914 1467 2062 1527 atque
2126 1454 2238 1510 satis

493 1553 658 1624 largus
697 1559 870 1597 ramus
895 1586 910 1612 ,
962 1543 1043 1613 qui
1091 1542 1245 1614 capiti
1299 1541 1513 1613 propior
1573 1537 1728 1592 sacius
1791 1538 1842 1592 se
1912 1539 2236 1595 sinistrorsum

494 1636 611 1710 post
654 1627 942 1702 glandulam
988 1625 1311 1694 thyroideam
1367 1623 1714 1680 abscondebat.
1798 1623 1928 1679 -Hic
1981 1641 2148 1680 ramus
2204 1640 2239 1679 a

496 1719 735 1776 subclauia
782 1713 1011 1784 vtrinque
1053 1711 1183 1765 inter
1220 1727 1374 1765 venas
1410 1708 1650 1781 iugulares
1686 1719 1953 1764 <externam
2000 1723 2052 1763 et
2092 1711 2244 1764 ¹inter-

500 1820 622 1861 nam
666 1798 858 1856 med-ius
881 1839 895 1864 ,
939 1796 1125 1850 duabus
1160 1796 1298 1868 ¹>quasi
1334 1794 1579 1849 radicibus
1619 1794 1994 1864 propullulabat
2038 1838 2058 1865 .,
2121 1809 2248 1866 quae

501 1889 685 1945 radices
717 1879 920 1937 craffitie
965 1882 1168 1951 quidem
1214 1881 1468 1951 impareS,
1513 1877 1597 1933 sed
1634 1893 1994 1950 v-conuergentes
2020 1923 2036 1949 ,
2059 1880 2112 1933 in
2133 1894 2248 1934 me-

499 1973 579 2027 dia
625 1968 850 2024 tracheae
894 1977 1036 2036 parte
1074 1965 1282 2018 coibant
1317 1977 1374 2018 et
1412 1980 1614 2018 ramum
1644 2005 1657 2029 ,
1710 1965 2066 2033 magnitudine
2107 1965 2252 2036 iugu-

500 2056 680 2113 laribus
725 2052 795 2106 nil
832 2053 1096 2125 cedentem
1125 2093 1139 2119 ‚
1179 2049 1507 2121 praebebant..
1613 2047 1714 2102 Hic
1776 2064 1944 2102 ramus
2004 2048 2247 2120 insignis,

505 2142 630 2195 dum
676 2133 916 2191 musculos
958 2134 1448 2202 sterno-hyoideum
1494 2145 1552 2186 :et
1612 2131 1942 2199 *thyroideum
1996 2133 2253 2188 sinisterius

505 2224 741 2280 incedens
783 2220 1144 2274 transcenderet
1186 2219 1326 2290 super
1366 2216 1597 2291 glandula
1634 2215 1905 2285 thyroidea
1958 2218 2129 2274 sinistri
2177 2215 2254 2270 la-

509 2310 626 2363 teris
688 2305 818 2378 quasi
893 2302 1290 2374 'immergebatur
1322 2346 1338 2372 ,
1411 2316 1460 2356 et
1525 2319 1623 2374 ‘per
1690 2302 1917 2357 canalem
1972 2304 2193 2371 ‚breuem
2231 2346 2254 2374 ,

511 2406 721 2465 quatuor
764 2390 916 2443 lineas
954 2386 1170 2459 longum
1196 2432 1211 2457 ,
1245 2404 1368 2442 *cum
1414 2403 1547 2441 vena
1590 2388 1797 2457 iugulari
1837 2387 2032 2441 interna
2074 2387 2257 2442 sinistra

512 2476 850 2545 copulabatur.
938 2470 1076 2526 Haec
1126 2472 1353 2543 iugulatis
1406 2472 1601 2526 interna
1657 2472 1919 2544 principali
1968 2470 2054 2524 suo
2105 2488 2259 2527 ramo

513 2577 542 2614 e
565 2560 669 2613 sinu
712 2557 902 2612 laterali
944 2557 1094 2611 durae
1134 2558 1384 2628 men'ingis
1409 2597 1424 2623 ‚
1466 2555 1666 2626 reliquis
1708 2571 1834 2608 vero
1872 2554 1970 2609 :huc
2004 2572 2261 2629 apprope-

514 2644 730 2700 rantibus
795 2653 847 2693 et
913 2641 1189 2693 minoribus
1268 2656 1336 2693 ex
1413 2637 1636 2694 musculis
1717 2639 1896 2710 capitis
1969 2654 2021 2694 et
2089 2641 2261 2712 capite

515 2727 622 2800 ipso
677 2726 962 2796 stinguinem
1019 2723 1249 2778 vehebat.
1346 2724 1575 2777 Truncus
1659 2738 1784 2776 vero
1848 2725 2260 2780 extraordinarius

508 2824 565 2869 <et
604 2811 893 2868 accessorius
934 2809 1095 2880 magis
1136 2809 1197 2864 ab
1235 2807 1476 2865 anteriori
1516 2806 1633 2864 colli
1676 2818 1730 2862 et
1769 2808 2021 2866 Interiori‘
2058 2808 2261 2882 linguae
