2451 3569
475 187 943 261 OBSERVA'HO
984 186 1333 260 ECHPSIS
1368 193 1697 267 SOLARIS
1863 221 1895 275 a
1908 223 1989 278 39

220 364 286 411 vt·
323 369 417 429 per
456 353 616 410 restas
658 354 709 409 V
734 349 788 409 G
812 398 828 426 ,
872 349 926 410 G
954 367 1005 422 ς.
1053 353 1310 428 acquiram
1347 357 1653 429 positionem
1697 361 1855 415 centri
1883 361 1988 419 Lu-

219 459 315 499 nae
358 440 583 513 respectu
628 443 790 496 centri
811 439 938 497 Solis
982 454 1034 495 et
1079 441 1247 495 circuli
1290 443 1626 498 diclinationis
1673 441 1725 498 G
1751 447 1817 499 H.
1878 449 1991 505 Sci-

216 528 336 584 licet
385 526 512 582 hora
561 544 614 595 5.
662 529 798 584 reeta
844 523 959 582 VG
1008 527 1221 582 exhibet
1264 527 1593 585 differentiam
1642 531 1771 585 inter
1823 533 1987 591 ascen·

220 614 382 671 fiones
422 615 580 669 rectas
623 628 912 668 centrorum
940 610 1074 669 Solis
1116 628 1167 668 et
1200 613 1379 670 Lunae
1423 618 1475 670 in
1520 618 1701 671 diurno
1730 638 1744 691 3
1773 613 1884 672 GV
1927 635 1984 687 ς.

217 713 349 754 'vero
392 701 609 773 exponit
663 700 998 758 differentiam
1056 701 1458 760 declinationum
1524 715 1814 761 ceutrorum
1861 704 1988 766 Solis

209 798 264 841 et
310 785 502 843 Lunae.

367 961 481 1016 Hac
526 960 780 1017 methodo
822 961 884 1017 ad
933 959 1150 1033 fingulos
1188 963 1343 1017 horae
1394 964 1692 1037 quadrantes
1748 963 1983 1021 determi-
2032 1018 2047 1024 .>

209 1046 328 1101 naui
372 1047 668 1102 differentias
735 1047 1069 1102 ascenfionum
1140 1050 1396 1102 restarum
1467 1066 1517 1102 et
1589 1052 1986 1106 declinationum

211 1145 502 1188 centrorum
529 1131 658 1188 Solis
705 1145 757 1186 et
802 1132 993 1186 Lunae.
1084 1130 1331 1202 Descripfi
1384 1134 1622 1204 deinceps
1664 1137 1917 1189 -circulum
1949 1138 1987 1192 P

207 1212 266 1271 D
292 1218 357 1293 Q
391 1217 527 1292 (fig.
578 1235 635 1285 4.
668 1209 729 1292 )'‚
772 1220 904 1271 cuius
946 1215 1106 1269 radius
1151 1213 1198 1269 C
1242 1216 1280 1270 P
1325 1218 1396 1272 est
1464 1219 1526 1272 ad
1600 1219 1794 1274 radium
1865 1222 1985 1277 disci

203 1302 403 1358 Terrae
426 1300 585 1376 DC(
615 1302 704 1374 fig.
759 1320 788 1369 3
823 1299 883 1376 )‚
929 1315 986 1355 vt
1028 1299 1401 1358 stmidiameter
1443 1300 1573 1359 Solis
1618 1306 1675 1359 ad
1707 1307 1983 1377 parallaxin

203 1387 386 1443 Lunae
428 1388 821 1443 horizontalem.
880 1386 979 1453 (In
1026 1389 1218 1442 adiecta
1266 1390 1354 1462 fig.
1405 1409 1462 1457 4.
1513 1391 1723 1445 circulus
1780 1394 1816 1447 P
1845 1392 1996 1471 DQ

205 1474 330 1528 iusto
375 1476 541 1529 maior
581 1474 858 1528 euidentiae
903 1472 1039 1526 causa
1092 1474 1248 1528 factus
1292 1475 1358 1529 est
1388 1471 1426 1548 ).
1532 1477 1765 1531 Affiemta
1824 1496 1982 1551 porro

200 1560 456 1614 diametro
502 1561 539 1614 P
567 1561 633 1635 Q
662 1575 757 1632 pro
798 1558 986 1612 circulo
1029 1559 1380 1614 declinationis
1409 1604 1425 1631 ,
1481 1577 1549 1614 ex
1608 1564 1823 1634 cognitis
1890 1580 1983 1636 per

200 1645 623 1701 constructionem
673 1646 1062 1718 praecedentem
1109 1644 1450 1700 ascensionum
1497 1646 1751 1701 rec‘tarum
1798 1663 1851 1703 et
1895 1653 1985 1706 de-

198 1730 534 1786 clinationum
580 1732 862 1787 differentiis
902 1734 963 1786 ad
1008 1731 1220 1805 singulos
1276 1731 1433 1787 horae
1497 1734 1797 1804 quadrantes
1852 1736 1983 1791 defi,-
2060 1808 2063 1809 ⁷

202 1818 305 1871 niui
342 1820 529 1890 puncta
576 1827 636 1886 5}
665 1862 679 1887 ,
731 1832 788 1884 5}
814 1862 829 1888 ,
879 1826 939 1888 5}
965 1863 980 1888 ‚
1022 1823 1079 1872 6.
1107 1832 1206 1872 etc.
1236 1819 1292 1872 in
1337 1820 1511 1891 quibus
1534 1834 1764 1873 centrum
1804 1821 1982 1877 Lunae

205 1904 480 1976 respetftiue
526 1904 618 1958 fuit
662 1904 800 1958 horis
850 1916 948 1976 ςξ,
1001 1914 1124 1973 §gs
1150 1914 1208 1975 5}
1235 1949 1250 1977 ,
1295 1911 1356 1959 6.
1405 1919 1505 1959 etc.
1551 1903 1794 1978 Denique
1853 1925 1984 1979 pun-

203 1988 297 2044 <stis
340 1990 438 2044 istis
483 2008 586 2063 ope
626 1991 878 2045 rectarum
923 1994 1055 2046 inter
1107 1991 1153 2045 se
1220 1992 1462 2046 connexis
1530 1992 1787 2063 acquifiui‘
1833 1995 1983 2050 semi-

203 2086 312 2129 tam
359 2076 704 2132 centriLunae
748 2075 909 2132 visam
958 2079 1008 2132 in
1053 2077 1186 2133 disco
1211 2077 1341 2133 Solis
1386 2094 1481 2150 pro
1525 2078 1756 2132 immoto
1781 2077 1976 2134 habito.

202 2161 418 2220 Necesse
461 2177 630 2219 autem
676 2164 765 2219 fuit
793 2208 807 2233 ,
852 2176 913 2218 vt
957 2165 1020 2219 ad
1068 2164 1280 2238 fingulos
1325 2164 1482 2219 horae
1538 2167 1831 2236 quadrantes
1864 2165 1979 2221 loca

206 2249 553 2304 centriLunae
597 2252 1054 2305 determinarentur
1081 2295 1094 2320 ,
1121 2295 1136 2321 ,
1181 2252 1368 2322 partim
1416 2252 1541 2321 quia:
1578 2253 1841 2322 portiones
1907 2251 1978 2305 ses⁸

206 2334 364 2388 mitae
409 2336 540 2395 vifae
585 2337 615 2391 a
655 2349 831 2391 centro
845 2337 1022 2391 Lunae
1067 2336 1266 2407 singulis
1311 2337 1467 2391 horae
1492 2337 1840 2408 quadrantibus
1862 2354 1982 2407 per-

183 2419 368 2475 ‹curfae
410 2438 478 2476 ex
525 2423 766 2478 continua
796 2422 1129 2496 ¹parallaxeos
1152 2422 1328 2478 Lunae
1374 2423 1656 2476 mutatione
1698 2420 1804 2476 sunt
1848 2424 1979 2477 inae-

207 2506 383 2576 quales
412 2551 426 2577 ,
472 2510 660 2581 partim
711 2511 972 2586 quoniam,
1004 2508 1102 2582 ipsa
1160 2507 1338 2563 semita
1415 2525 1623 2563 curuam
1694 2506 1980 2564 nanciscitur

209 2590 426 2664 figuram
456 2636 470 2664 ‚
517 2595 641 2649 dum
681 2596 950 2652 declinatio
973 2594 1144 2650 Lunae
1186 2612 1290 2649 non
1338 2593 1500 2649 solum
1544 2610 1612 2648 ex
1670 2607 1815 2649 motu
1876 2594 1980 2648 eius

206 2680 422 2750 proprio
450 2721 467 2751 ,
525 2678 612 2739 sed
649 2699 718 2739 ex
763 2684 953 2740 variata
995 2699 1196 2758 quoque
1220 2681 1391 2738 Lunae
1434 2680 1682 2759 parallaxi
1734 2680 1981 2736 continuo

209 2777 452 2821 mutatur.

990 2937 1246 3017 sz-
1803 2934 1980 2998 „His
