<?xml version="1.0" encoding="UTF-8"?>
<!DOCTYPE html PUBLIC "-//W3C//DTD XHTML 1.0 Transitional//EN"
    "http://www.w3.org/TR/xhtml1/DTD/xhtml1-transitional.dtd">
<html xmlns="http://www.w3.org/1999/xhtml" xml:lang="en" lang="en">
 <head>
  <title>
</title>
<meta http-equiv="Content-Type" content="text/html;charset=utf-8" />
  <meta name='ocr-system' content='tesseract 3.04.00' />
  <meta name='ocr-capabilities' content='ocr_page ocr_carea ocr_par ocr_line ocrx_word'/>
</head>
<body>
  <div class='ocr_page' id='page_1' title='image "./commentariiacade12impe_0344.png"; bbox 0 0 2451 3569; ppageno 0'>
   <div class='ocr_carea' id='block_1_1' title="bbox 456 179 1978 272">
    <p class='ocr_par' dir='ltr' id='par_1_1' title="bbox 456 179 1978 272">
     <span class='ocr_line' id='line_1_1' title="bbox 456 179 1978 272; baseline -0.009 -13"><span class='ocrx_word' id='word_1_1' title='bbox 456 206 588 272; x_wconf 55' lang='lat'>23⁸</span> <span class='ocrx_word' id='word_1_2' title='bbox 742 185 1222 255; x_wconf 74' lang='lat' dir='ltr'><em>OBSERVATIO</em></span> <span class='ocrx_word' id='word_1_3' title='bbox 1265 179 1604 247; x_wconf 77' lang='lat' dir='ltr'><strong><em>ECLIPSIS</em></strong></span> <span class='ocrx_word' id='word_1_4' title='bbox 1647 179 1790 248; x_wconf 71' lang='lat' dir='ltr'>soz</span> <span class='ocrx_word' id='word_1_5' title='bbox 1799 181 1978 247; x_wconf 70' lang='lat' dir='ltr'>Aius</span> 
     </span>
    </p>
   </div>
   <div class='ocr_carea' id='block_1_2' title="bbox 452 336 2225 855">
    <p class='ocr_par' dir='ltr' id='par_1_2' title="bbox 452 336 2225 855">
     <span class='ocr_line' id='line_1_2' title="bbox 453 336 2217 424; baseline -0.007 -16"><span class='ocrx_word' id='word_1_6' title='bbox 453 353 514 410; x_wconf 83' lang='lat' dir='ltr'>lis</span> <span class='ocrx_word' id='word_1_7' title='bbox 559 366 657 424; x_wconf 87' lang='lat' dir='ltr'>pro</span> <span class='ocrx_word' id='word_1_8' title='bbox 697 348 863 422; x_wconf 77' lang='lat' dir='ltr'><strong>eclipsi</strong></span> <span class='ocrx_word' id='word_1_9' title='bbox 906 342 1068 405; x_wconf 78' lang='lat' dir='ltr'>Sol-ari</span> <span class='ocrx_word' id='word_1_10' title='bbox 1127 343 1238 402; x_wconf 89' lang='lat' dir='ltr'>fieri</span> <span class='ocrx_word' id='word_1_11' title='bbox 1291 342 1429 399; x_wconf 86' lang='lat' dir='ltr'>solet.</span> <span class='ocrx_word' id='word_1_12' title='bbox 1542 336 1655 397; x_wconf 87' lang='lat' dir='ltr'>Sint</span> <span class='ocrx_word' id='word_1_13' title='bbox 1706 340 1887 396; x_wconf 90' lang='lat' dir='ltr'>ADB</span> <span class='ocrx_word' id='word_1_14' title='bbox 1940 337 2217 397; x_wconf 84' lang='lat' dir='ltr'>semidiscus</span> 
     </span>
     <span class='ocr_line' id='line_1_3' title="bbox 454 424 2221 510; baseline -0.007 -16"><span class='ocrx_word' id='word_1_15' title='bbox 454 441 672 510; x_wconf 79' lang='lat' dir='ltr'>Terrae,</span> <span class='ocrx_word' id='word_1_16' title='bbox 700 435 808 492; x_wconf 88' lang='lat' dir='ltr'>AB</span> <span class='ocrx_word' id='word_1_17' title='bbox 851 435 1096 507; x_wconf 86' lang='lat' dir='ltr'>Ecliptica</span> <span class='ocrx_word' id='word_1_18' title='bbox 1123 478 1138 502; x_wconf 86' lang='lat'>,</span> <span class='ocrx_word' id='word_1_19' title='bbox 1182 428 1300 487; x_wconf 91' lang='lat' dir='ltr'>DC</span> <span class='ocrx_word' id='word_1_20' title='bbox 1339 427 1547 485; x_wconf 86' lang='lat' dir='ltr'>circulus</span> <span class='ocrx_word' id='word_1_21' title='bbox 1586 427 1861 482; x_wconf 87' lang='lat' dir='ltr'>latitudinis</span> <span class='ocrx_word' id='word_1_22' title='bbox 1885 470 1900 497; x_wconf 87' lang='lat'>,</span> <span class='ocrx_word' id='word_1_23' title='bbox 1957 424 2062 481; x_wconf 94' lang='lat' dir='ltr'>PC</span> <span class='ocrx_word' id='word_1_24' title='bbox 2109 443 2221 482; x_wconf 89' lang='lat' dir='ltr'>me-</span> 
     </span>
     <span class='ocr_line' id='line_1_4' title="bbox 453 515 2223 590; baseline -0.013 -9"><span class='ocrx_word' id='word_1_25' title='bbox 453 526 668 585; x_wconf 75' lang='lat' dir='ltr'>ridianus</span> <span class='ocrx_word' id='word_1_26' title='bbox 701 521 985 585; x_wconf 71' lang='lat' dir='ltr'>vniuerfiilis</span> <span class='ocrx_word' id='word_1_27' title='bbox 1009 564 1024 590; x_wconf 86' lang='lat'>,</span> <span class='ocrx_word' id='word_1_28' title='bbox 1070 519 1110 573; x_wconf 81' lang='lat' dir='ltr'>F</span> <span class='ocrx_word' id='word_1_29' title='bbox 1135 515 1162 572; x_wconf 92' lang='lat' dir='ltr'>I</span> <span class='ocrx_word' id='word_1_30' title='bbox 1206 518 1370 572; x_wconf 90' lang='lat' dir='ltr'>orbita</span> <span class='ocrx_word' id='word_1_31' title='bbox 1393 515 1565 571; x_wconf 88' lang='lat' dir='ltr'>Lunae</span> <span class='ocrx_word' id='word_1_32' title='bbox 1586 557 1602 584; x_wconf 81' lang='lat'>‚</span> <span class='ocrx_word' id='word_1_33' title='bbox 1650 527 1707 565; x_wconf 90' lang='lat'>0.</span> <span class='ocrx_word' id='word_1_34' title='bbox 1761 527 1814 564; x_wconf 86' lang='lat'>1.</span> <span class='ocrx_word' id='word_1_35' title='bbox 1865 527 1919 563; x_wconf 87' lang='lat'>2.</span> <span class='ocrx_word' id='word_1_36' title='bbox 1952 526 2006 575; x_wconf 81' lang='lat'>3.</span> <span class='ocrx_word' id='word_1_37' title='bbox 2035 531 2091 581; x_wconf 77' lang='lat'>4,</span> <span class='ocrx_word' id='word_1_38' title='bbox 2121 525 2223 568; x_wconf 81' lang='lat' dir='ltr'>etc.</span> 
     </span>
     <span class='ocr_line' id='line_1_5' title="bbox 453 598 2221 686; baseline -0.01 -19"><span class='ocrx_word' id='word_1_39' title='bbox 453 612 706 686; x_wconf 80' lang='lat' dir='ltr'>parallelus</span> <span class='ocrx_word' id='word_1_40' title='bbox 757 606 1151 679; x_wconf 82' lang='lat' dir='ltr'>Petropolitanus</span> <span class='ocrx_word' id='word_1_41' title='bbox 1193 603 1245 656; x_wconf 89' lang='lat' dir='ltr'>in</span> <span class='ocrx_word' id='word_1_42' title='bbox 1287 601 1385 657; x_wconf 87' lang='lat' dir='ltr'>suas</span> <span class='ocrx_word' id='word_1_43' title='bbox 1429 600 1576 656; x_wconf 88' lang='lat' dir='ltr'>horas</span> <span class='ocrx_word' id='word_1_44' title='bbox 1621 598 1763 654; x_wconf 82' lang='lat' dir='ltr'>iuxta</span> <span class='ocrx_word' id='word_1_45' title='bbox 1831 613 2071 651; x_wconf 88' lang='lat' dir='ltr'>numeros</span> <span class='ocrx_word' id='word_1_46' title='bbox 2143 616 2169 650; x_wconf 93' lang='lat'>1</span> <span class='ocrx_word' id='word_1_47' title='bbox 2203 641 2221 668; x_wconf 86' lang='lat'>‚</span> 
     </span>
     <span class='ocr_line' id='line_1_6' title="bbox 457 682 2225 767; baseline -0.007 -16"><span class='ocrx_word' id='word_1_48' title='bbox 457 714 492 749; x_wconf 87' lang='lat'>2</span> <span class='ocrx_word' id='word_1_49' title='bbox 521 742 535 767; x_wconf 84' lang='lat'>,</span> <span class='ocrx_word' id='word_1_50' title='bbox 587 711 617 760; x_wconf 84' lang='lat'><strong>3</strong></span> <span class='ocrx_word' id='word_1_51' title='bbox 650 740 664 767; x_wconf 83' lang='lat'>‚</span> <span class='ocrx_word' id='word_1_52' title='bbox 707 715 749 765; x_wconf 87' lang='lat'><em>4</em></span> <span class='ocrx_word' id='word_1_53' title='bbox 793 707 889 749; x_wconf 89' lang='lat' dir='ltr'>etc.</span> <span class='ocrx_word' id='word_1_54' title='bbox 958 689 1149 746; x_wconf 75' lang='lat' dir='ltr'>diuisus,</span> <span class='ocrx_word' id='word_1_55' title='bbox 1248 684 1385 743; x_wconf 90' lang='lat' dir='ltr'>Cum</span> <span class='ocrx_word' id='word_1_56' title='bbox 1454 698 1726 741; x_wconf 85' lang='lat' dir='ltr'>momenta</span> <span class='ocrx_word' id='word_1_57' title='bbox 1792 682 1925 736; x_wconf 89' lang='lat' dir='ltr'>initii</span> <span class='ocrx_word' id='word_1_58' title='bbox 1989 695 2041 736; x_wconf 90' lang='lat' dir='ltr'>et</span> <span class='ocrx_word' id='word_1_59' title='bbox 2106 682 2225 738; x_wconf 83' lang='lat' dir='ltr'>finis</span> 
     </span>
     <span class='ocr_line' id='line_1_7' title="bbox 452 768 2225 855; baseline -0.01 -18"><span class='ocrx_word' id='word_1_60' title='bbox 452 782 693 855; x_wconf 76' lang='lat' dir='ltr'>eclipseos</span> <span class='ocrx_word' id='word_1_61' title='bbox 764 779 1019 837; x_wconf 87' lang='lat' dir='ltr'>obseruata</span> <span class='ocrx_word' id='word_1_62' title='bbox 1064 776 1256 849; x_wconf 86' lang='lat' dir='ltr'>aliquot</span> <span class='ocrx_word' id='word_1_63' title='bbox 1298 774 1507 829; x_wconf 83' lang='lat' dir='ltr'>minutis</span> <span class='ocrx_word' id='word_1_64' title='bbox 1564 768 1903 842; x_wconf 88' lang='lat' dir='ltr'>descreparent</span> <span class='ocrx_word' id='word_1_65' title='bbox 1973 768 2037 822; x_wconf 88' lang='lat' dir='ltr'>ab</span> <span class='ocrx_word' id='word_1_66' title='bbox 2106 770 2168 822; x_wconf 89' lang='lat' dir='ltr'>iis</span> <span class='ocrx_word' id='word_1_67' title='bbox 2206 809 2225 839; x_wconf 89' lang='lat'>‚</span> 
     </span>
    </p>
   </div>
   <div class='ocr_carea' id='block_1_3' title="bbox 452 855 2318 2956">
    <p class='ocr_par' dir='ltr' id='par_1_3' title="bbox 452 855 2318 2899">
     <span class='ocr_line' id='line_1_8' title="bbox 452 855 2226 938; baseline -0.007 -18"><span class='ocrx_word' id='word_1_68' title='bbox 452 884 575 938; x_wconf 78' lang='lat' dir='ltr'>quae</span> <span class='ocrx_word' id='word_1_69' title='bbox 622 867 832 922; x_wconf 84' lang='lat' dir='ltr'>calculus</span> <span class='ocrx_word' id='word_1_70' title='bbox 877 865 1191 933; x_wconf 77' lang='lat' dir='ltr'>praedixerat</span> <span class='ocrx_word' id='word_1_71' title='bbox 1217 904 1231 930; x_wconf 84' lang='lat'>,</span> <span class='ocrx_word' id='word_1_72' title='bbox 1280 858 1564 914; x_wconf 89' lang='lat' dir='ltr'>consultum</span> <span class='ocrx_word' id='word_1_73' title='bbox 1608 855 1769 922; x_wconf 80' lang='lat' dir='ltr'>duxi,</span> <span class='ocrx_word' id='word_1_74' title='bbox 1830 867 1891 908; x_wconf 86' lang='lat' dir='ltr'>vt</span> <span class='ocrx_word' id='word_1_75' title='bbox 1956 865 2226 909; x_wconf 80' lang='lat' dir='ltr'>momenta</span> 
     </span>
     <span class='ocr_line' id='line_1_9' title="bbox 454 937 2228 1014; baseline -0.007 -8"><span class='ocrx_word' id='word_1_76' title='bbox 454 953 543 1006; x_wconf 89' lang='lat' dir='ltr'>ista</span> <span class='ocrx_word' id='word_1_77' title='bbox 589 966 655 1003; x_wconf 88' lang='lat' dir='ltr'>ex</span> <span class='ocrx_word' id='word_1_78' title='bbox 702 948 1045 1003; x_wconf 64' lang='lat' dir='ltr'>obseruatione</span> <span class='ocrx_word' id='word_1_79' title='bbox 1090 944 1315 1014; x_wconf 79' lang='lat' dir='ltr'>acquisita</span> <span class='ocrx_word' id='word_1_80' title='bbox 1360 941 1600 996; x_wconf 85' lang='lat' dir='ltr'>schemati</span> <span class='ocrx_word' id='word_1_81' title='bbox 1640 941 1987 994; x_wconf 81' lang='lat' dir='ltr'><strong>insererentur.</strong></span> <span class='ocrx_word' id='word_1_82' title='bbox 2077 937 2228 994; x_wconf 89' lang='lat' dir='ltr'>Hunc</span> 
     </span>
     <span class='ocr_line' id='line_1_10' title="bbox 454 1025 2228 1106; baseline -0.007 -11"><span class='ocrx_word' id='word_1_83' title='bbox 454 1038 510 1095; x_wconf 84' lang='lat' dir='ltr'>in</span> <span class='ocrx_word' id='word_1_84' title='bbox 556 1035 712 1090; x_wconf 87' lang='lat' dir='ltr'>finem</span> <span class='ocrx_word' id='word_1_85' title='bbox 758 1035 812 1087; x_wconf 92' lang='lat' dir='ltr'>in</span> <span class='ocrx_word' id='word_1_86' title='bbox 859 1030 1096 1106; x_wconf 74' lang='lat' dir='ltr'>parallelo</span> <span class='ocrx_word' id='word_1_87' title='bbox 1141 1027 1524 1099; x_wconf 88' lang='lat' dir='ltr'>Petropolitano</span> <span class='ocrx_word' id='word_1_88' title='bbox 1577 1026 1910 1079; x_wconf 86' lang='lat' dir='ltr'>determinaui</span> <span class='ocrx_word' id='word_1_89' title='bbox 1970 1025 2158 1097; x_wconf 65' lang='lat' dir='ltr'>puneta</span> <span class='ocrx_word' id='word_1_90' title='bbox 2205 1026 2228 1082; x_wconf 82' lang='lat' dir='ltr'>i</span> 
     </span>
     <span class='ocr_line' id='line_1_11' title="bbox 454 1102 2226 1194; baseline -0.008 -17"><span class='ocrx_word' id='word_1_91' title='bbox 454 1135 507 1178; x_wconf 90' lang='lat' dir='ltr'>et</span> <span class='ocrx_word' id='word_1_92' title='bbox 535 1121 586 1194; x_wconf 86' lang='lat' dir='ltr'><em>f</em></span> <span class='ocrx_word' id='word_1_93' title='bbox 620 1119 968 1189; x_wconf 79' lang='lat' dir='ltr'>respondentia</span> <span class='ocrx_word' id='word_1_94' title='bbox 1026 1113 1297 1183; x_wconf 67' lang='lat' dir='ltr'>respectiue</span> <span class='ocrx_word' id='word_1_95' title='bbox 1363 1111 1649 1166; x_wconf 81' lang='lat' dir='ltr'>momentis</span> <span class='ocrx_word' id='word_1_96' title='bbox 1716 1111 1839 1165; x_wconf 91' lang='lat' dir='ltr'>initii</span> <span class='ocrx_word' id='word_1_97' title='bbox 1925 1102 2026 1182; x_wconf 70' lang='lat'>57²,</span> <span class='ocrx_word' id='word_1_98' title='bbox 2080 1111 2182 1164; x_wconf 66' lang='lat'>10²</span> <span class='ocrx_word' id='word_1_99' title='bbox 2207 1154 2226 1182; x_wconf 84' lang='lat'><strong>,</strong></span> 
     </span>
     <span class='ocr_line' id='line_1_12' title="bbox 454 1190 2238 1275; baseline -0.003 -18"><span class='ocrx_word' id='word_1_100' title='bbox 454 1198 632 1275; x_wconf 61' lang='lat'>49&#39;7,</span> <span class='ocrx_word' id='word_1_101' title='bbox 675 1219 726 1256; x_wconf 88' lang='lat' dir='ltr'>et</span> <span class='ocrx_word' id='word_1_102' title='bbox 772 1200 887 1255; x_wconf 88' lang='lat' dir='ltr'>finis</span> <span class='ocrx_word' id='word_1_103' title='bbox 932 1190 1033 1269; x_wconf 65' lang='lat'>7²²,</span> <span class='ocrx_word' id='word_1_104' title='bbox 1086 1197 1230 1266; x_wconf 70' lang='grc' dir='ltr'>ιδ’,</span> <span class='ocrx_word' id='word_1_105' title='bbox 1275 1190 1423 1260; x_wconf 64' lang='lat'>53¹².</span> <span class='ocrx_word' id='word_1_106' title='bbox 1509 1195 1597 1249; x_wconf 85' lang='lat' dir='ltr'>Ex</span> <span class='ocrx_word' id='word_1_107' title='bbox 1639 1196 1838 1265; x_wconf 69' lang='lat' dir='ltr'>punstis</span> <span class='ocrx_word' id='word_1_108' title='bbox 1894 1197 1992 1251; x_wconf 85' lang='lat' dir='ltr'>istis</span> <span class='ocrx_word' id='word_1_109' title='bbox 2045 1200 2065 1253; x_wconf 79' lang='lat' dir='ltr'>z·</span> <span class='ocrx_word' id='word_1_110' title='bbox 2108 1211 2161 1252; x_wconf 89' lang='lat' dir='ltr'>et</span> <span class='ocrx_word' id='word_1_111' title='bbox 2198 1195 2238 1272; x_wconf 78' lang='lat' dir='ltr'><strong><em>f</em></strong></span> 
     </span>
     <span class='ocr_line' id='line_1_13' title="bbox 456 1279 2227 1353; baseline -0.007 -5"><span class='ocrx_word' id='word_1_112' title='bbox 456 1288 724 1348; x_wconf 84' lang='lat' dir='ltr'>interuallo</span> <span class='ocrx_word' id='word_1_113' title='bbox 768 1283 1135 1341; x_wconf 82' lang='lat' dir='ltr'>semidiametri</span> <span class='ocrx_word' id='word_1_114' title='bbox 1188 1281 1499 1353; x_wconf 88' lang='lat' dir='ltr'>penumbrae</span> <span class='ocrx_word' id='word_1_115' title='bbox 1547 1279 1802 1333; x_wconf 86' lang='lat' dir='ltr'>intersecui</span> <span class='ocrx_word' id='word_1_116' title='bbox 1854 1281 2073 1336; x_wconf 85' lang='lat' dir='ltr'>orbitam</span> <span class='ocrx_word' id='word_1_117' title='bbox 2122 1282 2227 1336; x_wconf 89' lang='lat' dir='ltr'>Lu-</span> 
     </span>
     <span class='ocr_line' id='line_1_14' title="bbox 454 1363 2229 1444; baseline -0.007 -12"><span class='ocrx_word' id='word_1_118' title='bbox 454 1395 547 1433; x_wconf 84' lang='lat' dir='ltr'>nae</span> <span class='ocrx_word' id='word_1_119' title='bbox 587 1379 642 1430; x_wconf 92' lang='lat' dir='ltr'>in</span> <span class='ocrx_word' id='word_1_120' title='bbox 695 1372 720 1428; x_wconf 95' lang='lat' dir='ltr'>I</span> <span class='ocrx_word' id='word_1_121' title='bbox 779 1385 832 1427; x_wconf 89' lang='lat' dir='ltr'>et</span> <span class='ocrx_word' id='word_1_122' title='bbox 877 1372 917 1426; x_wconf 93' lang='lat' dir='ltr'>F</span> <span class='ocrx_word' id='word_1_123' title='bbox 935 1390 962 1444; x_wconf 70' lang='lat'>3</span> <span class='ocrx_word' id='word_1_124' title='bbox 1009 1371 1184 1443; x_wconf 85' lang='lat' dir='ltr'>quibus</span> <span class='ocrx_word' id='word_1_125' title='bbox 1206 1366 1347 1422; x_wconf 65' lang='lat' dir='ltr'>factis</span> <span class='ocrx_word' id='word_1_126' title='bbox 1369 1365 1566 1420; x_wconf 89' lang='lat' dir='ltr'>obtinui</span> <span class='ocrx_word' id='word_1_127' title='bbox 1608 1363 1721 1417; x_wconf 88' lang='lat' dir='ltr'>loca</span> <span class='ocrx_word' id='word_1_128' title='bbox 1764 1365 1924 1417; x_wconf 89' lang='lat' dir='ltr'>centri</span> <span class='ocrx_word' id='word_1_129' title='bbox 1968 1365 2139 1419; x_wconf 88' lang='lat' dir='ltr'>Lunae</span> <span class='ocrx_word' id='word_1_130' title='bbox 2174 1367 2229 1420; x_wconf 91' lang='lat' dir='ltr'>in</span> 
     </span>
     <span class='ocr_line' id='line_1_15' title="bbox 455 1448 2228 1527; baseline -0.008 -10"><span class='ocrx_word' id='word_1_131' title='bbox 455 1463 603 1518; x_wconf 86' lang='lat' dir='ltr'>initio</span> <span class='ocrx_word' id='word_1_132' title='bbox 659 1473 712 1514; x_wconf 87' lang='lat' dir='ltr'>et</span> <span class='ocrx_word' id='word_1_133' title='bbox 768 1458 870 1512; x_wconf 89' lang='lat' dir='ltr'>fine</span> <span class='ocrx_word' id='word_1_134' title='bbox 925 1455 1160 1527; x_wconf 85' lang='lat' dir='ltr'>eclipseos</span> <span class='ocrx_word' id='word_1_135' title='bbox 1186 1496 1201 1521; x_wconf 79' lang='lat'>‚</span> <span class='ocrx_word' id='word_1_136' title='bbox 1245 1467 1367 1524; x_wconf 89' lang='lat' dir='ltr'>puta</span> <span class='ocrx_word' id='word_1_137' title='bbox 1408 1452 1463 1506; x_wconf 90' lang='lat' dir='ltr'>in</span> <span class='ocrx_word' id='word_1_138' title='bbox 1517 1448 1545 1504; x_wconf 94' lang='lat' dir='ltr'>I</span> <span class='ocrx_word' id='word_1_139' title='bbox 1590 1461 1642 1503; x_wconf 86' lang='lat' dir='ltr'>et</span> <span class='ocrx_word' id='word_1_140' title='bbox 1690 1448 1773 1520; x_wconf 73' lang='lat' dir='ltr'>F3</span> <span class='ocrx_word' id='word_1_141' title='bbox 1830 1465 1920 1504; x_wconf 86' lang='lat' dir='ltr'>uec</span> <span class='ocrx_word' id='word_1_142' title='bbox 1992 1466 2098 1503; x_wconf 92' lang='lat' dir='ltr'>non</span> <span class='ocrx_word' id='word_1_143' title='bbox 2153 1451 2228 1504; x_wconf 87' lang='lat' dir='ltr'>in·</span> 
     </span>
     <span class='ocr_line' id='line_1_16' title="bbox 455 1534 2233 1612; baseline -0.006 -10"><span class='ocrx_word' id='word_1_144' title='bbox 455 1546 718 1602; x_wconf 77' lang='lat' dir='ltr'>terualium</span> <span class='ocrx_word' id='word_1_145' title='bbox 763 1543 790 1598; x_wconf 94' lang='lat' dir='ltr'>I</span> <span class='ocrx_word' id='word_1_146' title='bbox 817 1543 856 1597; x_wconf 79' lang='lat' dir='ltr'>F</span> <span class='ocrx_word' id='word_1_147' title='bbox 901 1542 955 1595; x_wconf 88' lang='lat' dir='ltr'>in</span> <span class='ocrx_word' id='word_1_148' title='bbox 994 1542 1157 1596; x_wconf 89' lang='lat' dir='ltr'>orbita</span> <span class='ocrx_word' id='word_1_149' title='bbox 1201 1537 1376 1592; x_wconf 88' lang='lat' dir='ltr'>Lunae</span> <span class='ocrx_word' id='word_1_150' title='bbox 1402 1581 1417 1607; x_wconf 86' lang='lat'>,</span> <span class='ocrx_word' id='word_1_151' title='bbox 1475 1536 1617 1612; x_wconf 83' lang='lat' dir='ltr'>quod</span> <span class='ocrx_word' id='word_1_152' title='bbox 1672 1534 1902 1607; x_wconf 82' lang='lat' dir='ltr'>tempori</span> <span class='ocrx_word' id='word_1_153' title='bbox 1959 1535 2233 1591; x_wconf 79' lang='lat' dir='ltr'>durationis</span> 
     </span>
     <span class='ocr_line' id='line_1_17' title="bbox 455 1617 2227 1704; baseline -0.007 -16"><span class='ocrx_word' id='word_1_154' title='bbox 455 1630 713 1704; x_wconf 81' lang='lat' dir='ltr'>Eclipseos</span> <span class='ocrx_word' id='word_1_155' title='bbox 800 1626 1085 1698; x_wconf 84' lang='lat' dir='ltr'>respondet.</span> <span class='ocrx_word' id='word_1_156' title='bbox 1178 1621 1303 1677; x_wconf 85' lang='lat' dir='ltr'>Inde</span> <span class='ocrx_word' id='word_1_157' title='bbox 1347 1619 1581 1677; x_wconf 71' lang='lat' dir='ltr'>facillime</span> <span class='ocrx_word' id='word_1_158' title='bbox 1626 1619 1814 1693; x_wconf 65' lang='lat' dir='ltr'>puncta</span> <span class='ocrx_word' id='word_1_159' title='bbox 1855 1619 1924 1675; x_wconf 88' lang='lat' dir='ltr'>V.</span> <span class='ocrx_word' id='word_1_160' title='bbox 1975 1618 2070 1674; x_wconf 95' lang='lat' dir='ltr'>VI.</span> <span class='ocrx_word' id='word_1_161' title='bbox 2099 1617 2227 1675; x_wconf 88' lang='lat' dir='ltr'><strong>VII.</strong></span> 
     </span>
     <span class='ocr_line' id='line_1_18' title="bbox 455 1704 2229 1780; baseline -0.006 -9"><span class='ocrx_word' id='word_1_162' title='bbox 455 1730 555 1772; x_wconf 89' lang='lat' dir='ltr'>etc.</span> <span class='ocrx_word' id='word_1_163' title='bbox 604 1717 657 1769; x_wconf 92' lang='lat' dir='ltr'>in</span> <span class='ocrx_word' id='word_1_164' title='bbox 691 1712 851 1767; x_wconf 87' lang='lat' dir='ltr'>orbita</span> <span class='ocrx_word' id='word_1_165' title='bbox 876 1711 1052 1766; x_wconf 85' lang='lat' dir='ltr'>Lunae</span> <span class='ocrx_word' id='word_1_166' title='bbox 1094 1708 1306 1764; x_wconf 88' lang='lat' dir='ltr'>definire</span> <span class='ocrx_word' id='word_1_167' title='bbox 1350 1709 1495 1780; x_wconf 90' lang='lat' dir='ltr'>potui</span> <span class='ocrx_word' id='word_1_168' title='bbox 1526 1748 1541 1774; x_wconf 83' lang='lat'>‚</span> <span class='ocrx_word' id='word_1_169' title='bbox 1583 1707 1632 1759; x_wconf 88' lang='lat' dir='ltr'>in</span> <span class='ocrx_word' id='word_1_170' title='bbox 1657 1705 1828 1778; x_wconf 86' lang='lat' dir='ltr'>quibus</span> <span class='ocrx_word' id='word_1_171' title='bbox 1861 1717 2096 1760; x_wconf 87' lang='lat' dir='ltr'>centrum</span> <span class='ocrx_word' id='word_1_172' title='bbox 2121 1704 2229 1761; x_wconf 80' lang='lat' dir='ltr'>Lu·</span> 
     </span>
     <span class='ocr_line' id='line_1_19' title="bbox 457 1788 2232 1872; baseline -0.007 -14"><span class='ocrx_word' id='word_1_173' title='bbox 457 1819 552 1857; x_wconf 86' lang='lat' dir='ltr'>nae</span> <span class='ocrx_word' id='word_1_174' title='bbox 598 1799 872 1872; x_wconf 76' lang='lat' dir='ltr'>respec&#39;tiue</span> <span class='ocrx_word' id='word_1_175' title='bbox 919 1797 1010 1851; x_wconf 90' lang='lat' dir='ltr'>fuit</span> <span class='ocrx_word' id='word_1_176' title='bbox 1052 1796 1190 1850; x_wconf 84' lang='lat' dir='ltr'>horis</span> <span class='ocrx_word' id='word_1_177' title='bbox 1238 1794 1316 1856; x_wconf 10' lang='lat' dir='ltr'>V.»</span> <span class='ocrx_word' id='word_1_178' title='bbox 1361 1791 1458 1846; x_wconf 91' lang='lat' dir='ltr'>VI.</span> <span class='ocrx_word' id='word_1_179' title='bbox 1507 1790 1629 1845; x_wconf 92' lang='lat' dir='ltr'>VII.</span> <span class='ocrx_word' id='word_1_180' title='bbox 1676 1803 1770 1845; x_wconf 88' lang='lat' dir='ltr'>etc.</span> <span class='ocrx_word' id='word_1_181' title='bbox 1861 1788 1975 1845; x_wconf 89' lang='lat' dir='ltr'>Iam</span> <span class='ocrx_word' id='word_1_182' title='bbox 2029 1807 2096 1846; x_wconf 87' lang='lat' dir='ltr'>ex</span> <span class='ocrx_word' id='word_1_183' title='bbox 2154 1791 2232 1847; x_wconf 82' lang='lat' dir='ltr'>di-</span> 
     </span>
     <span class='ocr_line' id='line_1_20' title="bbox 457 1875 2226 1958; baseline -0.006 -16"><span class='ocrx_word' id='word_1_184' title='bbox 457 1888 649 1958; x_wconf 83' lang='lat' dir='ltr'>uisione</span> <span class='ocrx_word' id='word_1_185' title='bbox 695 1882 916 1957; x_wconf 75' lang='lat' dir='ltr'>paralleli</span> <span class='ocrx_word' id='word_1_186' title='bbox 964 1880 1328 1951; x_wconf 80' lang='lat' dir='ltr'>Petropolitani</span> <span class='ocrx_word' id='word_1_187' title='bbox 1374 1880 1691 1932; x_wconf 87' lang='lat' dir='ltr'>innotuerunt</span> <span class='ocrx_word' id='word_1_188' title='bbox 1733 1875 1915 1949; x_wconf 64' lang='lat' dir='ltr'>puncta</span> <span class='ocrx_word' id='word_1_189' title='bbox 1962 1889 2015 1943; x_wconf 81' lang='grc'>5.</span> <span class='ocrx_word' id='word_1_190' title='bbox 2064 1881 2121 1929; x_wconf 87' lang='grc'>6.</span> <span class='ocrx_word' id='word_1_191' title='bbox 2166 1889 2226 1943; x_wconf 89' lang='lat'>7.</span> 
     </span>
     <span class='ocr_line' id='line_1_21' title="bbox 456 1961 2230 2041; baseline -0.005 -15"><span class='ocrx_word' id='word_1_192' title='bbox 456 1986 553 2027; x_wconf 89' lang='lat' dir='ltr'>etc.</span> <span class='ocrx_word' id='word_1_193' title='bbox 607 1974 659 2025; x_wconf 89' lang='lat' dir='ltr'>in</span> <span class='ocrx_word' id='word_1_194' title='bbox 706 1970 879 2041; x_wconf 79' lang='lat' dir='ltr'>quibus</span> <span class='ocrx_word' id='word_1_195' title='bbox 923 1980 1146 2022; x_wconf 83' lang='lat' dir='ltr'>centrum</span> <span class='ocrx_word' id='word_1_196' title='bbox 1193 1964 1322 2021; x_wconf 80' lang='lat' dir='ltr'>Solis</span> <span class='ocrx_word' id='word_1_197' title='bbox 1368 1962 1459 2018; x_wconf 83' lang='lat' dir='ltr'>fuit</span> <span class='ocrx_word' id='word_1_198' title='bbox 1502 1962 1640 2016; x_wconf 88' lang='lat' dir='ltr'>horis</span> <span class='ocrx_word' id='word_1_199' title='bbox 1689 1976 1742 2028; x_wconf 86' lang='lat'>5.</span> <span class='ocrx_word' id='word_1_200' title='bbox 1792 1965 1848 2015; x_wconf 88' lang='lat'>6.</span> <span class='ocrx_word' id='word_1_201' title='bbox 1909 1976 1966 2030; x_wconf 92' lang='lat'>7.</span> <span class='ocrx_word' id='word_1_202' title='bbox 2068 1961 2230 2035; x_wconf 87' lang='lat' dir='ltr'>Igitur</span> 
     </span>
     <span class='ocr_line' id='line_1_22' title="bbox 457 2046 2228 2126; baseline -0.005 -13"><span class='ocrx_word' id='word_1_203' title='bbox 457 2061 520 2114; x_wconf 85' lang='lat' dir='ltr'>ad</span> <span class='ocrx_word' id='word_1_204' title='bbox 566 2059 741 2112; x_wconf 86' lang='lat' dir='ltr'>datam</span> <span class='ocrx_word' id='word_1_205' title='bbox 785 2055 1009 2126; x_wconf 78' lang='lat' dir='ltr'>quamuis</span> <span class='ocrx_word' id='word_1_206' title='bbox 1068 2053 1252 2106; x_wconf 88' lang='lat' dir='ltr'>horam</span> <span class='ocrx_word' id='word_1_207' title='bbox 1323 2049 1509 2121; x_wconf 79' lang='lat' dir='ltr'>positio</span> <span class='ocrx_word' id='word_1_208' title='bbox 1555 2048 1712 2102; x_wconf 86' lang='lat' dir='ltr'>centri</span> <span class='ocrx_word' id='word_1_209' title='bbox 1757 2046 1933 2102; x_wconf 85' lang='lat' dir='ltr'>Lunae</span> <span class='ocrx_word' id='word_1_210' title='bbox 2002 2047 2228 2120; x_wconf 68' lang='lat' dir='ltr'>respecstu</span> 
     </span>
     <span class='ocr_line' id='line_1_23' title="bbox 457 2133 2227 2204; baseline -0.005 -7"><span class='ocrx_word' id='word_1_211' title='bbox 457 2144 616 2198; x_wconf 85' lang='lat' dir='ltr'>centri</span> <span class='ocrx_word' id='word_1_212' title='bbox 640 2139 768 2196; x_wconf 80' lang='lat' dir='ltr'>Solis</span> <span class='ocrx_word' id='word_1_213' title='bbox 812 2152 863 2192; x_wconf 89' lang='lat' dir='ltr'>et</span> <span class='ocrx_word' id='word_1_214' title='bbox 905 2137 1073 2193; x_wconf 80' lang='lat' dir='ltr'>circuli</span> <span class='ocrx_word' id='word_1_215' title='bbox 1117 2136 1319 2190; x_wconf 76' lang='lat' dir='ltr'>alicuius</span> <span class='ocrx_word' id='word_1_216' title='bbox 1377 2133 1596 2188; x_wconf 81' lang='lat' dir='ltr'>coelestis</span> <span class='ocrx_word' id='word_1_217' title='bbox 1660 2133 1917 2204; x_wconf 85' lang='lat' dir='ltr'>incognita</span> <span class='ocrx_word' id='word_1_218' title='bbox 1973 2133 2067 2188; x_wconf 82' lang='lat' dir='ltr'>effe</span> <span class='ocrx_word' id='word_1_219' title='bbox 2121 2150 2227 2188; x_wconf 86' lang='lat' dir='ltr'>non</span> 
     </span>
     <span class='ocr_line' id='line_1_24' title="bbox 457 2219 2229 2301; baseline -0.006 -19"><span class='ocrx_word' id='word_1_220' title='bbox 457 2229 642 2301; x_wconf 87' lang='lat' dir='ltr'>potuit.</span> <span class='ocrx_word' id='word_1_221' title='bbox 717 2225 876 2278; x_wconf 88' lang='lat' dir='ltr'>Verbi</span> <span class='ocrx_word' id='word_1_222' title='bbox 923 2222 1058 2295; x_wconf 75' lang='lat' dir='ltr'>causi</span> <span class='ocrx_word' id='word_1_223' title='bbox 1103 2222 1163 2275; x_wconf 89' lang='lat' dir='ltr'>ad</span> <span class='ocrx_word' id='word_1_224' title='bbox 1210 2223 1391 2276; x_wconf 89' lang='lat' dir='ltr'>horam</span> <span class='ocrx_word' id='word_1_225' title='bbox 1451 2226 1556 2285; x_wconf 60' lang='lat' dir='ltr'>stam</span> <span class='ocrx_word' id='word_1_226' title='bbox 1616 2219 1781 2291; x_wconf 88' lang='lat' dir='ltr'>quaeri</span> <span class='ocrx_word' id='word_1_227' title='bbox 1847 2219 2028 2273; x_wconf 88' lang='lat' dir='ltr'>debeat</span> <span class='ocrx_word' id='word_1_228' title='bbox 2095 2219 2229 2290; x_wconf 79' lang='lat' dir='ltr'>posi-</span> 
     </span>
     <span class='ocr_line' id='line_1_25' title="bbox 455 2302 2229 2377; baseline -0.005 -10"><span class='ocrx_word' id='word_1_229' title='bbox 455 2315 535 2367; x_wconf 90' lang='lat' dir='ltr'>tio</span> <span class='ocrx_word' id='word_1_230' title='bbox 580 2311 732 2366; x_wconf 81' lang='lat' dir='ltr'>centri</span> <span class='ocrx_word' id='word_1_231' title='bbox 760 2310 929 2363; x_wconf 77' lang='lat' dir='ltr'>Lunae</span> <span class='ocrx_word' id='word_1_232' title='bbox 972 2306 1192 2377; x_wconf 58' lang='lat' dir='ltr'>respect-J</span> <span class='ocrx_word' id='word_1_233' title='bbox 1236 2306 1392 2360; x_wconf 87' lang='lat' dir='ltr'>centri</span> <span class='ocrx_word' id='word_1_234' title='bbox 1415 2303 1544 2358; x_wconf 82' lang='lat' dir='ltr'>Solis</span> <span class='ocrx_word' id='word_1_235' title='bbox 1588 2316 1639 2357; x_wconf 86' lang='lat' dir='ltr'>et</span> <span class='ocrx_word' id='word_1_236' title='bbox 1684 2302 1854 2357; x_wconf 80' lang='lat' dir='ltr'>circuli</span> <span class='ocrx_word' id='word_1_237' title='bbox 1879 2303 2229 2359; x_wconf 81' lang='lat' dir='ltr'>declinationis</span> 
     </span>
     <span class='ocr_line' id='line_1_26' title="bbox 458 2386 2222 2470; baseline -0.005 -19"><span class='ocrx_word' id='word_1_238' title='bbox 458 2400 576 2451; x_wconf 77' lang='lat' dir='ltr'>eius.</span> <span class='ocrx_word' id='word_1_239' title='bbox 669 2397 930 2470; x_wconf 72' lang='lat' dir='ltr'>Quoniam</span> <span class='ocrx_word' id='word_1_240' title='bbox 1002 2393 1125 2447; x_wconf 87' lang='lat' dir='ltr'>hora</span> <span class='ocrx_word' id='word_1_241' title='bbox 1172 2397 1242 2459; x_wconf 59' lang='grc' dir='ltr'>5ω</span> <span class='ocrx_word' id='word_1_242' title='bbox 1287 2405 1515 2445; x_wconf 87' lang='lat' dir='ltr'>centrum</span> <span class='ocrx_word' id='word_1_243' title='bbox 1542 2386 1666 2443; x_wconf 69' lang='lat' dir='ltr'>Solis</span> <span class='ocrx_word' id='word_1_244' title='bbox 1702 2389 1779 2444; x_wconf 85' lang='lat' dir='ltr'>est</span> <span class='ocrx_word' id='word_1_245' title='bbox 1825 2388 1878 2441; x_wconf 93' lang='lat' dir='ltr'>in</span> <span class='ocrx_word' id='word_1_246' title='bbox 1922 2389 2116 2461; x_wconf 70' lang='lat' dir='ltr'>puncto</span> <span class='ocrx_word' id='word_1_247' title='bbox 2165 2401 2222 2454; x_wconf 84' lang='grc'>5.</span> 
     </span>
     <span class='ocr_line' id='line_1_27' title="bbox 458 2463 2225 2555; baseline -0.003 -20"><span class='ocrx_word' id='word_1_248' title='bbox 458 2482 680 2555; x_wconf 67' lang='lat' dir='ltr'>paralleii</span> <span class='ocrx_word' id='word_1_249' title='bbox 726 2479 1092 2552; x_wconf 80' lang='lat' dir='ltr'>Petropolitani</span> <span class='ocrx_word' id='word_1_250' title='bbox 1121 2523 1135 2545; x_wconf 81' lang='lat'>,</span> <span class='ocrx_word' id='word_1_251' title='bbox 1184 2495 1271 2551; x_wconf 89' lang='lat' dir='ltr'>per</span> <span class='ocrx_word' id='word_1_252' title='bbox 1314 2477 1414 2530; x_wconf 88' lang='lat' dir='ltr'>hoc</span> <span class='ocrx_word' id='word_1_253' title='bbox 1463 2475 1707 2547; x_wconf 65' lang='lat' dir='ltr'>punitum</span> <span class='ocrx_word' id='word_1_254' title='bbox 1757 2487 1810 2539; x_wconf 84' lang='grc'>5.</span> <span class='ocrx_word' id='word_1_255' title='bbox 1854 2463 1985 2528; x_wconf 65' lang='grc' dir='ltr'>ἀιιόο</span> <span class='ocrx_word' id='word_1_256' title='bbox 2027 2473 2225 2529; x_wconf 50' lang='lat' dir='ltr'>metam</span> 
     </span>
     <span class='ocr_line' id='line_1_28' title="bbox 458 2554 2224 2637; baseline -0.005 -15"><span class='ocrx_word' id='word_1_257' title='bbox 458 2563 587 2622; x_wconf 78' lang='lat' dir='ltr'>GH</span> <span class='ocrx_word' id='word_1_258' title='bbox 635 2566 916 2637; x_wconf 62' lang='lat' dir='ltr'>pai-aiielam</span> <span class='ocrx_word' id='word_1_259' title='bbox 963 2568 1023 2618; x_wconf 82' lang='lat' dir='ltr'>ad</span> <span class='ocrx_word' id='word_1_260' title='bbox 1071 2561 1177 2617; x_wconf 90' lang='lat' dir='ltr'>PC</span> <span class='ocrx_word' id='word_1_261' title='bbox 1223 2563 1560 2616; x_wconf 86' lang='lat' dir='ltr'>meridianum</span> <span class='ocrx_word' id='word_1_262' title='bbox 1604 2557 1929 2613; x_wconf 67' lang='lat' dir='ltr'>vniuerfiilem</span> <span class='ocrx_word' id='word_1_263' title='bbox 1971 2579 1986 2632; x_wconf 76' lang='lat'>3</span> <span class='ocrx_word' id='word_1_264' title='bbox 2051 2574 2102 2614; x_wconf 89' lang='lat' dir='ltr'>et</span> <span class='ocrx_word' id='word_1_265' title='bbox 2168 2554 2224 2614; x_wconf 88' lang='lat' dir='ltr'>G</span> 
     </span>
     <span class='ocr_line' id='line_1_29' title="bbox 458 2641 2226 2722; baseline -0.004 -15"><span class='ocrx_word' id='word_1_266' title='bbox 458 2653 511 2710; x_wconf 86' lang='lat' dir='ltr'>H</span> <span class='ocrx_word' id='word_1_267' title='bbox 571 2650 889 2722; x_wconf 66' lang='lat' dir='ltr'>repraesentat</span> <span class='ocrx_word' id='word_1_268' title='bbox 945 2650 1254 2720; x_wconf 72' lang='lat' dir='ltr'>positionem</span> <span class='ocrx_word' id='word_1_269' title='bbox 1312 2647 1481 2699; x_wconf 87' lang='lat' dir='ltr'>circuli</span> <span class='ocrx_word' id='word_1_270' title='bbox 1535 2645 1881 2698; x_wconf 77' lang='lat' dir='ltr'>declinationis</span> <span class='ocrx_word' id='word_1_271' title='bbox 1926 2641 2073 2699; x_wconf 84' lang='lat' dir='ltr'>Solis.</span> <span class='ocrx_word' id='word_1_272' title='bbox 2122 2642 2226 2700; x_wconf 86' lang='lat' dir='ltr'>Sed</span> 
     </span>
     <span class='ocr_line' id='line_1_30' title="bbox 459 2730 2223 2804; baseline -0.005 -10"><span class='ocrx_word' id='word_1_273' title='bbox 459 2740 640 2794; x_wconf 75' lang='lat' dir='ltr'>eadem</span> <span class='ocrx_word' id='word_1_274' title='bbox 688 2737 722 2791; x_wconf 77' lang='lat' dir='ltr'>h</span> <span class='ocrx_word' id='word_1_275' title='bbox 748 2755 810 2790; x_wconf 77' lang='lat' dir='ltr'>&gt;ra</span> <span class='ocrx_word' id='word_1_276' title='bbox 866 2749 917 2800; x_wconf 80' lang='grc' dir='ltr'>ς.</span> <span class='ocrx_word' id='word_1_277' title='bbox 966 2748 1192 2788; x_wconf 81' lang='lat' dir='ltr'>centrum</span> <span class='ocrx_word' id='word_1_278' title='bbox 1221 2732 1392 2785; x_wconf 87' lang='lat' dir='ltr'>Lunae</span> <span class='ocrx_word' id='word_1_279' title='bbox 1439 2731 1508 2785; x_wconf 88' lang='lat' dir='ltr'>est</span> <span class='ocrx_word' id='word_1_280' title='bbox 1555 2731 1605 2784; x_wconf 88' lang='lat' dir='ltr'>in</span> <span class='ocrx_word' id='word_1_281' title='bbox 1653 2730 1845 2804; x_wconf 66' lang='lat' dir='ltr'>puncto</span> <span class='ocrx_word' id='word_1_282' title='bbox 1891 2731 1959 2784; x_wconf 88' lang='lat' dir='ltr'>V.</span> <span class='ocrx_word' id='word_1_283' title='bbox 2009 2731 2114 2785; x_wconf 78' lang='lat' dir='ltr'>suae</span> <span class='ocrx_word' id='word_1_284' title='bbox 2139 2749 2223 2785; x_wconf 89' lang='lat' dir='ltr'>or-</span> 
     </span>
     <span class='ocr_line' id='line_1_31' title="bbox 461 2813 2318 2899; baseline -0.008 -14"><span class='ocrx_word' id='word_1_285' title='bbox 461 2825 594 2885; x_wconf 71' lang='lat' dir='ltr'>bitae</span> <span class='ocrx_word' id='word_1_286' title='bbox 622 2868 636 2897; x_wconf 82' lang='lat'>‚</span> <span class='ocrx_word' id='word_1_287' title='bbox 682 2823 1012 2899; x_wconf 87' lang='lat' dir='ltr'>quamobrem</span> <span class='ocrx_word' id='word_1_288' title='bbox 1057 2823 1189 2877; x_wconf 87' lang='lat' dir='ltr'>duco</span> <span class='ocrx_word' id='word_1_289' title='bbox 1234 2818 1282 2876; x_wconf 93' lang='lat' dir='ltr'>V</span> <span class='ocrx_word' id='word_1_290' title='bbox 1308 2813 1359 2873; x_wconf 89' lang='lat' dir='ltr'>G</span> <span class='ocrx_word' id='word_1_291' title='bbox 1405 2814 1468 2875; x_wconf 85' lang='lat' dir='ltr'>ad</span> <span class='ocrx_word' id='word_1_292' title='bbox 1527 2813 1578 2873; x_wconf 90' lang='lat' dir='ltr'>G</span> <span class='ocrx_word' id='word_1_293' title='bbox 1607 2817 1659 2873; x_wconf 90' lang='lat' dir='ltr'>H</span> <span class='ocrx_word' id='word_1_294' title='bbox 1716 2817 2183 2893; x_wconf 87' lang='lat' dir='ltr'>perpendicularem</span> <span class='ocrx_word' id='word_1_295' title='bbox 2210 2860 2227 2885; x_wconf 83' lang='lat'><em>‚</em></span> <span class='ocrx_word' id='word_1_296' title='bbox 2312 2890 2318 2894; x_wconf 22' lang='lat'><em>¹</em></span> 
     </span>
    </p>

    <p class='ocr_par' dir='ltr' id='par_1_4' title="bbox 2164 2912 2228 2956">
     <span class='ocr_line' id='line_1_32' title="bbox 2164 2912 2228 2956; baseline 0 0"><span class='ocrx_word' id='word_1_297' title='bbox 2164 2912 2228 2956; x_wconf 73' lang='lat' dir='ltr'>vt</span> 
     </span>
    </p>
   </div>
  </div>
 </body>
</html>
