2451 3569
480 235 600 290 322
753 200 1394 270 OBSERVATIONES
1440 194 1987 262 ANAToMJCAE.

476 364 759 420 extensores
789 405 804 431 ‚
850 373 956 416 tam
1021 373 1356 416 communem
1428 371 1583 428 quam
1650 358 1881 428 proprios
1945 352 2224 409 considera·

483 451 658 506 bimus.

642 532 889 588 Musculus
928 531 1069 584 huius
1111 545 1289 583 manus
1314 571 1329 597 ,
1374 526 1451 581 vel
1497 526 1659 598 potius
1682 523 1952 595 digitorum
1998 521 2226 581 extensor

483 618 783 685 communis,
808 616 960 685 quoad
989 614 1178 668 oriundi
1206 613 1446 683 principia
1472 612 1520 664 in
1543 611 1763 678 condylo
1786 609 1985 662 humeri
2021 623 2231 663 externo

484 721 540 756 ac
568 715 700 773 purte
726 699 982 770 posteriori
1011 701 1154 754 vlnae
1198 711 1341 770 atque
1392 697 1514 750 radii
1540 738 1554 764 ,
1613 709 1671 748 vt
1712 692 1832 747 solet
1856 738 1870 762 ,
1917 689 2192 746 nascebatur
2217 735 2232 762 ‚

483 784 708 840 carnosus
751 785 880 838 vltra
945 784 1211 839 dimidiam
1279 781 1344 836 sui
1413 794 1610 853 partem
1679 778 1982 850 procedebat
2006 819 2021 847 ‚
2077 777 2129 830 in
2174 796 2232 844 4.

487 869 693 943 posthac
765 869 1118 940 productiones
1190 865 1470 922 tendinosas
1492 906 1508 932 ‚
1581 865 1910 936 ligamentum
2001 860 2239 917 annulare

487 954 783 1008 tiaiicicntes
808 995 822 1020 ,
868 953 1204 1020 excurrebat,
1248 969 1456 1022 quarum
1502 951 1670 1021 prima
1713 947 1858 1020 super
1913 946 2124 1015 indiciS,
2167 943 2238 999 se-

489 1038 649 1092 cunda
693 1036 988 1107 [ipermedii
1030 1037 1180 1107 digiti
1224 1035 1483 1106 phalangis
1526 1036 1579 1087 in
1634 1033 1786 1088 latere
1841 1033 2062 1088 interiori
2119 1046 2238 1103 pro·

490 1122 784 1176 tendebatur
809 1162 824 1186 ,
876 1120 1018 1171 tertia
1074 1121 1125 1171 in
1177 1120 1300 1173 duos
1355 1117 1642 1172 abscedebat
1695 1118 1916 1173 tendines
1939 1163 1954 1190 ,
2017 1118 2099 1189 qui
2123 1161 2138 1187 ,
2183 1116 2242 1172 li-

492 1215 736 1277 gamento
802 1199 1064 1254 transuerso
1127 1203 1354 1272 superato
1378 1242 1394 1267 ,
1465 1203 1645 1254 iterum
1716 1204 2072 1257 dirimebantur
2096 1247 2110 1272 ,
2168 1202 2243 1256 bi-

491 1290 664 1361 nisque
706 1285 902 1356 lingulis
946 1285 1225 1340 tendinibus
1290 1284 1455 1356 digitis
1521 1285 1741 1339 annulari
1796 1299 1943 1356 atque
1987 1286 2243 1341 auriculari

497 1372 696 1428 donatis
770 1370 1051 1438 finiebant,
1110 1370 1200 1424 illo
1275 1367 1500 1423 excursus
1576 1367 1858 1424 discrimine
1883 1411 1897 1438 ,
1964 1383 2022 1422 vt
2088 1371 2244 1424 tendo

498 1455 773 1528 duplicatus
815 1471 941 1508 vnus
978 1453 1246 1527 separatim
1290 1455 1536 1509 annularis
1587 1455 1729 1526 digiti
1785 1453 2050 1526 phalangas
2093 1466 2247 1508 trans-

497 1541 729 1599 cenderet
752 1582 768 1608 ,
812 1540 933 1594 alter
977 1540 1120 1611 digiti
1164 1540 1369 1594 minimi
1414 1556 1538 1593 vero
1595 1540 1707 1610 post
1772 1539 2107 1612 ligamentum
2164 1555 2229 1594 an

503 1626 677 1681 nulare
721 1626 923 1699 quidem
966 1625 1246 1695 geminatus
1273 1667 1287 1688 ‚
1334 1626 1485 1696 apud·
1521 1627 1900 1678 extremitatem
1969 1623 2081 1678 offis
2135 1640 2250 1678 me-

504 1710 671 1766 tatarsi
695 1754 709 1779 ,
766 1709 900 1781 quod
945 1707 1164 1780 digitum
1209 1710 1359 1764 istum
1429 1708 1621 1763 stistinet
1646 1753 1660 1778 ‚
1707 1710 1886 1766 iterum
1956 1711 2156 1779 coiret,
2197 1721 2250 1763 et

503 1794 568 1853 fic
612 1796 848 1850 adunatus
892 1793 1161 1865 phalangas
1201 1795 1444 1866 praedicti
1509 1795 1693 1865 digiti,
1735 1795 1795 1849 ad
1865 1794 1995 1850 latus
2053 1795 2257 1848 interius

513 1879 899 1949 transcurreret;
972 1892 1137 1950 quarta
1203 1880 1415 1951 denique
1482 1881 1605 1933 duos
1670 1880 1931 1952 ablegabat
1997 1879 2217 1933 tendines
2241 1922 2256 1950 ,

506 1981 730 2038 quorum
771 1980 898 2018 vnus
941 1975 991 2016 et
1036 1964 1241 2018 interior
1283 1965 1398 2036 post
1442 1964 1774 2036 ligamentum
1821 1964 2123 2018 transuersale
2178 1964 2254 2017 di-

507 2050 753 2105 uaricatus
793 2065 849 2102 os
893 2048 1146 2103 metatarfi
1189 2061 1239 2103 et
1282 2051 1494 2121 digitum
1539 2051 1815 2104 minimum
1862 2048 2251 2120 transcendebat;

509 2135 636 2190 alter
679 2134 893 2187 exterius
938 2132 1062 2186 latus
1103 2145 1208 2187 tam
1253 2135 1555 2206 metacarpi,
1601 2152 1750 2206 quam
1794 2134 1936 2206 digiti
1983 2148 2254 2204 occupans,

513 2218 654 2274 iuxta
700 2217 971 2289 phalangas
1010 2218 1134 2290 ipsas
1176 2218 1464 2285 desinebat,
1509 2233 1561 2272 et
1603 2219 1666 2274 fic
1689 2219 1882 2273 dictum
1929 2218 2252 2273 auricularem

515 2303 780 2376 proprium
829 2304 1116 2375 praebebat.
1209 2303 1420 2359 Nouem
1464 2305 1629 2376 itaque
1673 2305 1893 2358 tendines
1935 2304 2016 2357 hic
2062 2299 2252 2356 muscu-

517 2385 589 2442 lus
614 2431 629 2457 ,
682 2389 766 2460 qui
819 2378 935 2441 alias
987 2400 1180 2442 tantum
1241 2408 1284 2458 4
1335 2402 1421 2444 aut
1467 2403 1494 2455 5
1544 2391 1676 2460 (quia
1719 2388 1987 2443 auricularis
2029 2385 2256 2459 proprius

514 2485 636 2526 cum
679 2488 747 2525 eo
788 2471 1042 2546 cohaeret)
1089 2473 1340 2541 dimittit,
1386 2474 1666 2529 emittebat.
1753 2473 1950 2542 Reliqui
1992 2472 2075 2542 qui
2119 2473 2254 2525 adia-
2315 2500 2320 2501 ν

515 2555 692 2609 'cebant
735 2556 936 2610 musculi
981 2558 1260 2611 extensores
1303 2561 1534 2630 proprii,
1585 2571 1638 2610 vt
1678 2559 1919 2610 indicator
1961 2569 2010 2609 et
2045 2557 2256 2610 bicornis

518 2643 573 2694 in
619 2639 787 2694 media
831 2639 977 2693 vlnae
1015 2657 1070 2694 ac
1110 2641 1230 2694 radii
1273 2653 1410 2710 parte
1452 2641 1552 2694 nati
1596 2641 1793 2695 carnofii
1836 2641 2102 2712 prodibant
2135 2657 2254 2694 con·-

516 2722 768 2778 iunstione
792 2766 808 2791 ,
849 2723 919 2777 ita
959 2739 1085 2777 vero
1109 2767 1122 2793 ‚
1167 2736 1222 2776 vt
1248 2725 1487 2780 indicator
1531 2743 1660 2780 mox
1704 2726 1940 2798 separatus
1982 2739 2098 2778 ante
2131 2725 2256 2796 liga-

517 2820 755 2867 mentum
800 2807 944 2864 binos
985 2810 1279 2882 produceret
1324 2811 1548 2866 tendines
1573 2851 1588 2879 ,
1631 2828 1788 2866 vnum
1832 2810 1970 2884 super
2010 2809 2170 2862 inc-rice
2183 2826 2258 2878 m,

2050 2895 2257 2949 alterum
