2451 3569
473 234 505 287 ρ,-
517 224 600 291 36.
735 204 1218 279 'OBSERVAHO
1251 209 1589 275 EcmPszs
1629 206 1956 276 SOLARIS

472 372 718 426 verticale.
806 373 1017 449 Qiibus'
1039 371 1164 426 datis
1205 368 1515 426 constmdtio
1557 367 1764 440 phaseos
1808 367 1995 424 absolui
2042 373 2099 419 et
2143 379 2244 438 po-

466 457 585 514 sitio
625 459 785 514 centri
810 459 984 515 Lunae
1026 456 1252 531 respetstu
1294 456 1457 513 centri
1478 449 1617 511 Solis*
1651 465 1704 506 et
1743 455 2042 509 circulorum
2080 451 2248 505 coele·

468 542 613 599 stium
640 588 654 614 ‚
713 561 807 600 nec
865 560 967 598 non
1026 544 1275 616 quantitas
1317 540 1550 597 diametri
1572 538 1744 595 Lunae
1786 536 1984 592 definiri
2026 533 2242 610 poss‘unt.

627 629 1040 702 Repraesentent·
1070 627 1119 682 H
1149 629 1197 687 R
1227 626 1335 698 ,V
1365 628 1417 682 T
1460 626 1545 683 fila
1587 627 1650 682 ad
1697 623 1902 697 angulos
1961 622 2125 676 reetos
2182 621 2243 678 fi·

469 714 519 768 bi
565 715 846 772 insistentia.
876 730 892 788 ',
936 716 989 771 A
1015 712 1075 773 D
1099 712 1145 769 Β
1184 713 1428 770 exhibeat
1470 711 1657 767 distum
1684 707 1815 767 Solis
1861 716 2136 779 Vtrumque
2180 705 2246 762 fi·

468 798 575 855 lum
623 814 922 874 tangentem
972 801 1024 857 in
1069 800 1123 857 A
1167 813 1220 856 et
1266 798 1329 856 Β.
1426 797 1636 858 Referat
1692 799 1740 854 R
1771 792 1867 851 CI
1930 792 2244 867 positionem

470 886 632 940 diurni
660 889 819 942 centri
844 886 975 944 Solis
1021 886 1247 960 respectu
1273 885 1485 942 filorum
1512 883 1660 953 VT,
1710 881 1860 955 HR3
1910 879 2073 935 radius
2121 891 2248 932 vero

471 967 578 1029 CD
606 968 670 1047 (C
685 972 730 1027 B
767 975 851 1029 vel
875 975 927 1028 A
953 970 1018 1046 C)
1044 973 1294 1045 express'us
1320 971 1619 1043 intelligatur
1646 981 1736 1041 per
1760 978 1930 1040 *partes
1953 961 2205 1037 temporis
2229 1005 2246 1034 ‚
2316 1033 2336 1043 A)

467 1074 570 1130 quo
625 1059 898 1114 dimidium
969 1057 1090 1113 disci
1134 1056 1268 1113 Solis
1308 1072 1398 1129 per
1446 1054 1782 1111 meridianum
1842 1051 1926 1115 vel
1964 1048 2247 1106 ,horarium

470 1144 700 1214 quemuis
745 1144 934 1197 tranfit.
1023 1143 1092 1196 Et
1146 1150 1376 1213 exponet
1443 1136 1490 1193 C
1519 1139 1569 1197 R
1626 1138 1957 1193 semimoram
2025 1133 2251 1190 transitus

471 1224 588 1280 disci
602 1225 792 1281 Sol-aris
816 1242 909 1298 per
934 1224 1080 1280 filum
1106 1223 1228 1281 HR.
1278 1220 1375 1279 EC
1390 1238 1519 1277 vero
1541 1222 1870 1277 semimoram
1898 1220 2128 1278 tranfitus
2149 1217 2249 1277 So-

470 1308 527 1366 lis
549 1327 646 1383 per
668 1309 818 1366 filum
843 1310 966 1366 VT.
1017 1306 1266 1366 Conceffis
1291 1307 1443 1381 igitur
1465 1321 1612 1361 mora
1639 1304 1861 1360 transitus
1885 1303 2015 1362 Solis
2038 1322 2130 1379 per
2150 1305 2250 1361 ho-

472 1396 661 1451 rarium
689 1410 739 1451 et
763 1413 908 1452 mora
934 1395 1160 1452 transitus
1184 1397 1286 1450 eius
1332 1408 1428 1467 per
1474 1390 1770 1447 alterutrum
1805 1388 1952 1446 filum
2001 1390 2120 1447 HR
2161 1389 2250 1446 vel

475 1481 530 1537 V
564 1481 651 1553 T,
701 1484 899 1538 dabitur
922 1481 1110 1556 positio
1153 1482 1317 1537 diurni
1360 1480 1411 1537 R
1437 1473 1484 1532 C
1509 1475 1537 1532 Ι
1582 1475 1806 1551 respetstu
1852 1475 2075 1532 filorum.

454 1600 461 1611 ·
633 1566 815 1623 Notati
871 1569 976 1624 iam
1039 1567 1133 1623 sint
1189 1565 1417 1641 appulsus
1461 1580 1710 1620 cornuum
1756 1561 1831 1635 B,
1855 1564 1936 1634 A,
1981 1560 2276 1636 periphaez

471 1652 759 1712 riaeLunae
801 1653 865 1711 M
913 1666 965 1709 et
1006 1653 1155 1709 limbi
1198 1651 1328 1708 Solis
1371 1649 1613 1724 sequentis
1655 1650 1696 1705 F
1720 1693 1736 1720 ,
1782 1650 1845 1705 ad
1892 1649 2040 1705 filum
2087 1649 2137 1704 V
2174 1648 2254 1703 T.>

474 1737 764 1812 Descriptus
813 1740 873 1797 fit
917 1739 1068 1795 discus
1090 1735 1221 1794 Solis
1273 1739 1327 1794 A
1352 1734 1398 1792 Β
1423 1735 1464 1791 F
1522 1747 1796 1809 Vtrumque
1843 1734 1985 1791 filum
2040 1746 2251 1807 tangens

476 1838 528 1881 et
572 1825 775 1899 quidem
822 1825 991 1882 limbo
1032 1824 1251 1897 sequenti
1295 1824 1337 1880 F
1381 1822 1525 1878 filum
1571 1821 1620 1876 V
1647 1821 1744 1894 T3
1789 1821 2015 1895 expressa
2071 1833 2248 1876 autem

479 1911 539 1968 fit
584 1912 836 1966 diameter
883 1911 1000 1966 disci
1045 1928 1138 1983 per
1184 1927 1389 1966 moram
1437 1907 1661 1964 transitus
1702 1909 1804 1963 eius
1849 1924 1940 1983 per
1963 1903 2246 1964 horarium.

475 1993 555 2053 Sit
599 1998 648 2054 R
677 1992 735 2051 C·
770 1999 952 2069 positio
981 1998 1142 2052 diurni
1188 1995 1348 2052 centri
1372 1992 1502 2052 Solis
1543 1994 1771 2067 respectu
1813 1993 2021 2051 filorum
2048 1992 2252 2054 secantis

339 2103 359 2111 ·’
457 2081 626 2142 „filum
674 2082 725 2137 V
751 2083 801 2137 T
843 2085 899 2140 in
941 2083 1009 2138 E.
1101 2083 1270 2156 Capta
1312 2083 1371 2138 fit
1413 2080 1517 2138 ΕΙ)
1561 2080 1776 2154 aequalis
1811 2080 2070 2137 interuallo
2112 2093 2249 2136 tem*

477 2170 617 2241 poris
668 2170 794 2222 inter
833 2168 1062 2243 appulsus
1101 2185 1260 2224 cornu
1304 2166 1352 2223 B
1406 2179 1456 2221 et
1508 2166 1657 2222 limbi
1700 2164 1830 2222 Solis
1903 2167 1946 2223 F
1988 2167 2049 2223 ad
2095 2166 2148 2222 V
2173 2165 2246 2221 T.

476 2253 684 2310 Eodem
732 2257 895 2311 modo
937 2254 997 2310 fit
1043 2254 1138 2311 Ea
1180 2253 1398 2327 aequalis
1440 2251 1702 2308 interuallo
1729 2254 1978 2326 temporis
2001 2256 2131 2307 inter
2152 2268 2248 2325 ap-

481 2339 639 2414 pulsus
684 2356 838 2395 cornu
885 2341 934 2397 A
977 2352 1028 2395 et
1072 2341 1220 2395 limbi
1262 2339 1376 2396 solis
1420 2338 1462 2407 F
1504 2339 1567 2393 ad
1612 2337 1785 2413 VT;
1831 2356 1923 2394 nec
1962 2354 2070 2392 non
2126 2336 2247 2394 Em

480 2425 692 2498 aequalis
737 2426 1003 2483 interuallo
1046 2427 1298 2500 temporis
1340 2427 1468 2481 inter
1509 2423 1733 2498 appulsus
1778 2422 2098 2499 peripheriae
2139 2421 2249 2483 Lu÷

482 2526 578 2565 nae
625 2510 686 2565 M
732 2525 784 2566 et
824 2513 974 2583 limbi
1018 2509 1148 2569 Solis
1191 2512 1234 2568 F
1278 2513 1341 2567 ad
1387 2509 1438 2566 V
1467 2510 1538 2565 T.
1623 2511 1718 2566 Per
1762 2509 1950 2583 punita
1995 2508 2057 2580 b,
2090 2525 2160 2582 a,
2194 2524 2246 2568 m

485 2595 548 2649 sic
590 2595 800 2650 definita
845 2599 986 2653 astae
1030 2598 1364 2670 intelligantur
1406 2597 1469 2651 ad
1510 2595 1628 2650 VT
1673 2595 1935 2668 parallelae
1978 2592 2094 2667 bB,
2117 2596 2244 2659 aA,

479 2697 605 2755 ηιμ
635 2699 652 2755 ·,
701 2680 922 2755 quarum
960 2683 994 2737 b
1017 2681 1063 2737 Β
1101 2680 1227 2736 secet
1269 2680 1614 2754 peripheriam
1639 2678 1767 2737 Solis
1810 2682 1860 2735 in
1898 2678 1952 2735 Β
1978 2723 1993 2750 ,
2039 2698 2075 2736 a
2098 2680 2153 2736 A
2187 2680 2244 2737 in

476 2766 579 2837 A3
624 2780 676 2822 et
720 2768 967 2824 dabuntur
1006 2767 1115 2822 loca
1159 2784 1406 2823 commun
1466 2763 1539 2834 B,
1565 2765 1615 2821 A
1663 2768 1712 2821 in
1779 2766 2061 2840 peripheria
2125 2765 2243 2823 disci

482 2847 614 2908 Solis
635 2897 651 2929 ‚
697 2853 890 2912 rectam
912 2869 1037 2911 vero
1077 2870 1126 2910 m
1152 2871 1201 2931 μ,
1246 2865 1416 2932 tanget
1459 2851 1645 2912 limbus
1677 2851 1869 2913 Lunae.
1959 2849 2112 2914 Datis
2131 2851 2241 2912 iam

2107 2951 2238 3016 pun—
