<?xml version="1.0" encoding="UTF-8"?>
<!DOCTYPE html PUBLIC "-//W3C//DTD XHTML 1.0 Transitional//EN"
    "http://www.w3.org/TR/xhtml1/DTD/xhtml1-transitional.dtd">
<html xmlns="http://www.w3.org/1999/xhtml" xml:lang="en" lang="en">
 <head>
  <title>
</title>
<meta http-equiv="Content-Type" content="text/html;charset=utf-8" />
  <meta name='ocr-system' content='tesseract 3.04.00' />
  <meta name='ocr-capabilities' content='ocr_page ocr_carea ocr_par ocr_line ocrx_word'/>
</head>
<body>
  <div class='ocr_page' id='page_1' title='image "./commentariiacade12impe_0326.png"; bbox 0 0 2451 3569; ppageno 0'>
   <div class='ocr_carea' id='block_1_1' title="bbox 503 174 1997 263">
    <p class='ocr_par' dir='ltr' id='par_1_1' title="bbox 503 174 1997 263">
     <span class='ocr_line' id='line_1_1' title="bbox 503 174 1997 263; baseline -0.007 -15"><span class='ocrx_word' id='word_1_1' title='bbox 503 206 622 263; x_wconf 61' lang='grc' dir='ltr'>μα</span> <span class='ocrx_word' id='word_1_2' title='bbox 779 174 1402 248; x_wconf 73' lang='lat' dir='ltr'>OBSERVATmNEs</span> <span class='ocrx_word' id='word_1_3' title='bbox 1443 177 1997 247; x_wconf 75' lang='lat' dir='ltr'><strong><em>ANATOMICAE.</em></strong></span> 
     </span>
    </p>
   </div>
   <div class='ocr_carea' id='block_1_2' title="bbox 503 340 1685 842">
    <p class='ocr_par' dir='ltr' id='par_1_2' title="bbox 503 340 1390 421">
     <span class='ocr_line' id='line_1_2' title="bbox 503 340 1390 421; baseline -0.015 -13"><span class='ocrx_word' id='word_1_4' title='bbox 503 351 574 421; x_wconf 75' lang='lat' dir='ltr'>F,</span> <span class='ocrx_word' id='word_1_5' title='bbox 616 359 814 403; x_wconf 86' lang='lat' dir='ltr'>truncus</span> <span class='ocrx_word' id='word_1_6' title='bbox 850 344 920 399; x_wconf 89' lang='lat' dir='ltr'>V.</span> <span class='ocrx_word' id='word_1_7' title='bbox 965 359 1149 417; x_wconf 86' lang='lat' dir='ltr'>azygos</span> <span class='ocrx_word' id='word_1_8' title='bbox 1187 340 1390 397; x_wconf 76' lang='lat' dir='ltr'>sinister.</span> 
     </span>
    </p>

    <p class='ocr_par' dir='ltr' id='par_1_3' title="bbox 506 427 1451 507">
     <span class='ocr_line' id='line_1_3' title="bbox 506 427 1451 507; baseline -0.013 -15"><span class='ocrx_word' id='word_1_9' title='bbox 506 452 538 492; x_wconf 86' lang='lat' dir='ltr'>c</span> <span class='ocrx_word' id='word_1_10' title='bbox 560 452 589 490; x_wconf 92' lang='lat' dir='ltr'>c</span> <span class='ocrx_word' id='word_1_11' title='bbox 611 450 640 488; x_wconf 86' lang='lat' dir='ltr'>c</span> <span class='ocrx_word' id='word_1_12' title='bbox 663 451 692 494; x_wconf 69' lang='lat' dir='ltr'>e</span> <span class='ocrx_word' id='word_1_13' title='bbox 735 445 830 507; x_wconf 77' lang='lat' dir='ltr'>etc.</span> <span class='ocrx_word' id='word_1_14' title='bbox 878 430 1050 485; x_wconf 79' lang='lat' dir='ltr'>Venae</span> <span class='ocrx_word' id='word_1_15' title='bbox 1105 427 1451 484; x_wconf 76' lang='lat' dir='ltr'>intercostaleS.</span> 
     </span>
    </p>

    <p class='ocr_par' dir='ltr' id='par_1_4' title="bbox 507 511 1604 674">
     <span class='ocr_line' id='line_1_4' title="bbox 507 511 1604 591; baseline -0.007 -16"><span class='ocrx_word' id='word_1_16' title='bbox 507 530 544 591; x_wconf 83' lang='lat' dir='ltr'>&#39;g</span> <span class='ocrx_word' id='word_1_17' title='bbox 569 563 585 590; x_wconf 89' lang='lat'>‚</span> <span class='ocrx_word' id='word_1_18' title='bbox 627 512 840 575; x_wconf 80' lang='lat' dir='ltr'>ramulus</span> <span class='ocrx_word' id='word_1_19' title='bbox 877 512 1334 586; x_wconf 80' lang='lat' dir='ltr'>diaphragmaticus</span> <span class='ocrx_word' id='word_1_20' title='bbox 1383 511 1604 569; x_wconf 69' lang='lat' dir='ltr'>inferior.</span> 
     </span>
     <span class='ocr_line' id='line_1_5' title="bbox 507 599 1143 674; baseline -0.014 -15"><span class='ocrx_word' id='word_1_21' title='bbox 507 604 587 674; x_wconf 87' lang='lat' dir='ltr'>h,</span> <span class='ocrx_word' id='word_1_22' title='bbox 625 630 655 644; x_wconf 86' lang='lat'><strong>·</strong></span> <span class='ocrx_word' id='word_1_23' title='bbox 698 636 721 646; x_wconf 93' lang='lat'>-</span> <span class='ocrx_word' id='word_1_24' title='bbox 763 634 786 643; x_wconf 84' lang='lat'>-</span> <span class='ocrx_word' id='word_1_25' title='bbox 831 629 855 641; x_wconf 94' lang='lat'>-</span> <span class='ocrx_word' id='word_1_26' title='bbox 900 599 1143 670; x_wconf 72' lang='lat' dir='ltr'>adipofits.</span> 
     </span>
    </p>

    <p class='ocr_par' dir='ltr' id='par_1_5' title="bbox 505 682 1146 756">
     <span class='ocr_line' id='line_1_6' title="bbox 505 682 1146 756; baseline -0.012 -13"><span class='ocrx_word' id='word_1_27' title='bbox 505 688 524 743; x_wconf 89' lang='lat' dir='ltr'>i</span> <span class='ocrx_word' id='word_1_28' title='bbox 552 730 568 756; x_wconf 87' lang='lat'>‚</span> <span class='ocrx_word' id='word_1_29' title='bbox 831 718 852 726; x_wconf 93' lang='lat'>-</span> <span class='ocrx_word' id='word_1_30' title='bbox 893 682 1146 737; x_wconf 85' lang='lat' dir='ltr'>lumbaris.</span> 
     </span>
    </p>

    <p class='ocr_par' dir='ltr' id='par_1_6' title="bbox 504 762 1685 842">
     <span class='ocr_line' id='line_1_7' title="bbox 504 762 1685 842; baseline -0.008 -13"><span class='ocrx_word' id='word_1_31' title='bbox 504 770 542 829; x_wconf 82' lang='lat' dir='ltr'><strong>k</strong></span> <span class='ocrx_word' id='word_1_32' title='bbox 562 813 581 842; x_wconf 91' lang='lat'><strong><em>,</em></strong></span> <span class='ocrx_word' id='word_1_33' title='bbox 617 801 650 814; x_wconf 88' lang='lat'><strong>·</strong></span> <span class='ocrx_word' id='word_1_34' title='bbox 687 806 708 816; x_wconf 90' lang='lat'>-</span> <span class='ocrx_word' id='word_1_35' title='bbox 754 800 781 813; x_wconf 87' lang='lat'>-</span> <span class='ocrx_word' id='word_1_36' title='bbox 822 797 846 811; x_wconf 91' lang='lat'><strong>·</strong></span> <span class='ocrx_word' id='word_1_37' title='bbox 889 769 1094 824; x_wconf 78' lang='lat' dir='ltr'>arteriae</span> <span class='ocrx_word' id='word_1_38' title='bbox 1147 762 1344 840; x_wconf 83' lang='lat' dir='ltr'>asperae</span> <span class='ocrx_word' id='word_1_39' title='bbox 1386 776 1436 822; x_wconf 90' lang='lat' dir='ltr'>et</span> <span class='ocrx_word' id='word_1_40' title='bbox 1479 764 1685 839; x_wconf 89' lang='lat' dir='ltr'>oesoph.</span> 
     </span>
    </p>
   </div>
   <div class='ocr_carea' id='block_1_3' title="bbox 714 917 2060 1166">
    <p class='ocr_par' dir='ltr' id='par_1_7' title="bbox 714 917 2060 1166">
     <span class='ocr_line' id='line_1_8' title="bbox 1083 917 1687 1021; baseline -0.012 -20"><span class='ocrx_word' id='word_1_41' title='bbox 1083 917 1502 1021; x_wconf 78' lang='lat' dir='ltr'>Obseruatio</span> <span class='ocrx_word' id='word_1_42' title='bbox 1553 919 1594 999; x_wconf 86' lang='grc' dir='ltr'><em>Ι</em></span> <span class='ocrx_word' id='word_1_43' title='bbox 1596 917 1687 1002; x_wconf 88' lang='lat' dir='ltr'>V.</span> 
     </span>
     <span class='ocr_line' id='line_1_9' title="bbox 714 1031 2060 1166; baseline -0.001 -20"><span class='ocrx_word' id='word_1_44' title='bbox 714 1084 943 1165; x_wconf 73' lang='lat' dir='ltr'><em>Mussulo</em></span> <span class='ocrx_word' id='word_1_45' title='bbox 969 1089 1220 1165; x_wconf 74' lang='lat' dir='ltr'><em>singulari</em></span> <span class='ocrx_word' id='word_1_46' title='bbox 1249 1031 1444 1165; x_wconf 55' lang='grc' dir='ltr'><em>ὲεηῗὲηο</em></span> <span class='ocrx_word' id='word_1_47' title='bbox 1466 1085 1679 1162; x_wconf 77' lang='lat' dir='ltr'>sternam</span> <span class='ocrx_word' id='word_1_48' title='bbox 1700 1085 2060 1166; x_wconf 75' lang='lat' dir='ltr'>fitperiacente.</span> 
     </span>
    </p>
   </div>
   <div class='ocr_carea' id='block_1_4' title="bbox 487 1182 2268 2898">
    <p class='ocr_par' dir='ltr' id='par_1_8' title="bbox 487 1182 2268 2898">
     <span class='ocr_line' id='line_1_10' title="bbox 487 1182 2256 1290; baseline 0.004 -23"><span class='ocrx_word' id='word_1_49' title='bbox 487 1182 711 1276; x_wconf 79' lang='lat' dir='ltr'>&#39;Anno</span> <span class='ocrx_word' id='word_1_50' title='bbox 758 1228 937 1283; x_wconf 83' lang='lat'><strong>1739.</strong></span> <span class='ocrx_word' id='word_1_51' title='bbox 994 1217 1046 1269; x_wconf 92' lang='lat' dir='ltr'>in</span> <span class='ocrx_word' id='word_1_52' title='bbox 1114 1216 1351 1271; x_wconf 79' lang='lat' dir='ltr'>cadauere</span> <span class='ocrx_word' id='word_1_53' title='bbox 1407 1217 1544 1271; x_wconf 81' lang='lat' dir='ltr'>virili</span> <span class='ocrx_word' id='word_1_54' title='bbox 1613 1217 1949 1271; x_wconf 88' lang='lat' dir='ltr'>musculorum</span> <span class='ocrx_word' id='word_1_55' title='bbox 2036 1235 2128 1290; x_wconf 81' lang='lat' dir='ltr'>par</span> <span class='ocrx_word' id='word_1_56' title='bbox 2162 1218 2256 1274; x_wconf 89' lang='lat' dir='ltr'>fin-</span> 
     </span>
     <span class='ocr_line' id='line_1_11' title="bbox 513 1298 2255 1373; baseline 0.003 -22"><span class='ocrx_word' id='word_1_57' title='bbox 513 1298 681 1371; x_wconf 85' lang='lat' dir='ltr'>gulare</span> <span class='ocrx_word' id='word_1_58' title='bbox 706 1343 722 1369; x_wconf 85' lang='lat'>,</span> <span class='ocrx_word' id='word_1_59' title='bbox 765 1303 908 1372; x_wconf 83' lang='lat' dir='ltr'>super</span> <span class='ocrx_word' id='word_1_60' title='bbox 950 1300 1112 1354; x_wconf 88' lang='lat' dir='ltr'>sterno</span> <span class='ocrx_word' id='word_1_61' title='bbox 1155 1301 1301 1356; x_wconf 79' lang='lat' dir='ltr'>situm</span> <span class='ocrx_word' id='word_1_62' title='bbox 1328 1344 1342 1369; x_wconf 88' lang='lat'>,</span> <span class='ocrx_word' id='word_1_63' title='bbox 1403 1300 1737 1372; x_wconf 82' lang='lat' dir='ltr'>contemplati</span> <span class='ocrx_word' id='word_1_64' title='bbox 1801 1301 1978 1356; x_wconf 84' lang='lat' dir='ltr'>snmus.</span> <span class='ocrx_word' id='word_1_65' title='bbox 2086 1301 2213 1357; x_wconf 89' lang='lat' dir='ltr'>Illud</span> <span class='ocrx_word' id='word_1_66' title='bbox 2238 1346 2255 1373; x_wconf 91' lang='lat'>,</span> 
     </span>
     <span class='ocr_line' id='line_1_12' title="bbox 511 1383 2257 1458; baseline 0.002 -20"><span class='ocrx_word' id='word_1_67' title='bbox 511 1385 586 1438; x_wconf 74' lang='lat' dir='ltr'>vti</span> <span class='ocrx_word' id='word_1_68' title='bbox 627 1383 951 1456; x_wconf 56' lang='lat' dir='ltr'>conspectum</span> <span class='ocrx_word' id='word_1_69' title='bbox 996 1385 1087 1440; x_wconf 86' lang='lat' dir='ltr'>fuit</span> <span class='ocrx_word' id='word_1_70' title='bbox 1112 1429 1126 1454; x_wconf 79' lang='lat'>,</span> <span class='ocrx_word' id='word_1_71' title='bbox 1169 1385 1340 1439; x_wconf 85' lang='lat' dir='ltr'>litteris</span> <span class='ocrx_word' id='word_1_72' title='bbox 1376 1399 1525 1458; x_wconf 14' lang='lat' dir='ltr'>ratque</span> <span class='ocrx_word' id='word_1_73' title='bbox 1569 1386 1714 1439; x_wconf 91' lang='lat' dir='ltr'>icone</span> <span class='ocrx_word' id='word_1_74' title='bbox 1757 1384 1983 1439; x_wconf 85' lang='lat' dir='ltr'>fistimus.</span> <span class='ocrx_word' id='word_1_75' title='bbox 2070 1387 2156 1439; x_wconf 85' lang='lat' dir='ltr'>Ad</span> <span class='ocrx_word' id='word_1_76' title='bbox 2182 1383 2257 1441; x_wconf 84' lang='lat' dir='ltr'>la-</span> 
     </span>
     <span class='ocr_line' id='line_1_13' title="bbox 513 1459 2254 1542; baseline 0.002 -21"><span class='ocrx_word' id='word_1_77' title='bbox 513 1480 620 1522; x_wconf 84' lang='lat' dir='ltr'>tera</span> <span class='ocrx_word' id='word_1_78' title='bbox 664 1468 775 1523; x_wconf 85' lang='lat' dir='ltr'>offis</span> <span class='ocrx_word' id='word_1_79' title='bbox 819 1471 963 1524; x_wconf 87' lang='lat' dir='ltr'>sterni</span> <span class='ocrx_word' id='word_1_80' title='bbox 1019 1471 1202 1525; x_wconf 69' lang='lat' dir='ltr'>trastus</span> <span class='ocrx_word' id='word_1_81' title='bbox 1257 1459 1493 1525; x_wconf 77' lang='lat' dir='ltr'>fibrarum</span> <span class='ocrx_word' id='word_1_82' title='bbox 1549 1468 1857 1524; x_wconf 71' lang='lat' dir='ltr'>carnosarum</span> <span class='ocrx_word' id='word_1_83' title='bbox 1927 1469 2254 1542; x_wconf 81' lang='lat' dir='ltr'>longitudina·</span> 
     </span>
     <span class='ocr_line' id='line_1_14' title="bbox 515 1552 2261 1628; baseline 0.001 -22"><span class='ocrx_word' id='word_1_84' title='bbox 515 1552 641 1607; x_wconf 89' lang='lat' dir='ltr'>lium</span> <span class='ocrx_word' id='word_1_85' title='bbox 687 1554 982 1609; x_wconf 86' lang='lat' dir='ltr'>obueniebat</span> <span class='ocrx_word' id='word_1_86' title='bbox 1005 1599 1020 1626; x_wconf 78' lang='lat'>‚</span> <span class='ocrx_word' id='word_1_87' title='bbox 1066 1570 1190 1627; x_wconf 85' lang='lat' dir='ltr'>quae·</span> <span class='ocrx_word' id='word_1_88' title='bbox 1232 1572 1296 1608; x_wconf 87' lang='lat' dir='ltr'>an</span> <span class='ocrx_word' id='word_1_89' title='bbox 1337 1558 1399 1610; x_wconf 84' lang='lat' dir='ltr'>ad</span> <span class='ocrx_word' id='word_1_90' title='bbox 1445 1555 1926 1628; x_wconf 81' lang='lat' dir='ltr'>platysmamyoides</span> <span class='ocrx_word' id='word_1_91' title='bbox 1979 1553 2261 1609; x_wconf 75' lang='lat' dir='ltr'>referendae</span> 
     </span>
     <span class='ocr_line' id='line_1_15' title="bbox 513 1633 2262 1712; baseline 0.001 -22"><span class='ocrx_word' id='word_1_92' title='bbox 513 1637 646 1708; x_wconf 87' lang='lat' dir='ltr'>fint,</span> <span class='ocrx_word' id='word_1_93' title='bbox 690 1639 776 1692; x_wconf 86' lang='lat' dir='ltr'>vel</span> <span class='ocrx_word' id='word_1_94' title='bbox 819 1639 976 1694; x_wconf 88' lang='lat' dir='ltr'>alium</span> <span class='ocrx_word' id='word_1_95' title='bbox 1022 1633 1388 1712; x_wconf 78' lang='lat' dir='ltr'>repraesentent</span> <span class='ocrx_word' id='word_1_96' title='bbox 1433 1639 1706 1695; x_wconf 88' lang='lat' dir='ltr'>musculum</span> <span class='ocrx_word' id='word_1_97' title='bbox 1754 1657 1819 1694; x_wconf 87' lang='lat' dir='ltr'>ex</span> <span class='ocrx_word' id='word_1_98' title='bbox 1853 1641 2085 1694; x_wconf 82' lang='lat' dir='ltr'>examine</span> <span class='ocrx_word' id='word_1_99' title='bbox 2119 1638 2262 1693; x_wconf 87' lang='lat' dir='ltr'>inda-</span> 
     </span>
     <span class='ocr_line' id='line_1_16' title="bbox 514 1724 2266 1797; baseline 0.001 -22"><span class='ocrx_word' id='word_1_100' title='bbox 514 1724 701 1793; x_wconf 79' lang='lat' dir='ltr'>gatiori</span> <span class='ocrx_word' id='word_1_101' title='bbox 744 1724 1004 1779; x_wconf 88' lang='lat' dir='ltr'>inclaruit:</span> <span class='ocrx_word' id='word_1_102' title='bbox 1065 1742 1253 1797; x_wconf 87' lang='lat' dir='ltr'>nempe</span> <span class='ocrx_word' id='word_1_103' title='bbox 1293 1725 1505 1780; x_wconf 87' lang='lat' dir='ltr'>remotis</span> <span class='ocrx_word' id='word_1_104' title='bbox 1545 1726 1865 1780; x_wconf 87' lang='lat' dir='ltr'>remouendis</span> <span class='ocrx_word' id='word_1_105' title='bbox 1918 1725 2077 1795; x_wconf 86' lang='lat' dir='ltr'>patuit</span> <span class='ocrx_word' id='word_1_106' title='bbox 2126 1726 2266 1777; x_wconf 85' lang='lat' dir='ltr'>iuxta</span> 
     </span>
     <span class='ocr_line' id='line_1_17' title="bbox 513 1807 2266 1883; baseline 0.002 -23"><span class='ocrx_word' id='word_1_107' title='bbox 513 1807 857 1880; x_wconf 75' lang='lat' dir='ltr'>cartilaginem</span> <span class='ocrx_word' id='word_1_108' title='bbox 899 1808 1202 1880; x_wconf 90' lang='lat' dir='ltr'>xiphoidem</span> <span class='ocrx_word' id='word_1_109' title='bbox 1259 1814 1488 1883; x_wconf 86' lang='lat' dir='ltr'>vtrinque</span> <span class='ocrx_word' id='word_1_110' title='bbox 1553 1809 1827 1864; x_wconf 86' lang='lat' dir='ltr'>musculum</span> <span class='ocrx_word' id='word_1_111' title='bbox 1895 1809 2049 1864; x_wconf 88' lang='lat' dir='ltr'>locari</span> <span class='ocrx_word' id='word_1_112' title='bbox 2114 1808 2266 1879; x_wconf 83' lang='lat' dir='ltr'>sesqui</span> 
     </span>
     <span class='ocr_line' id='line_1_18' title="bbox 517 1891 2264 1966; baseline 0.001 -21"><span class='ocrx_word' id='word_1_113' title='bbox 517 1891 732 1963; x_wconf 83' lang='lat' dir='ltr'>digitum</span> <span class='ocrx_word' id='word_1_114' title='bbox 780 1895 933 1948; x_wconf 79' lang='lat' dir='ltr'>latum</span> <span class='ocrx_word' id='word_1_115' title='bbox 964 1915 975 1948; x_wconf 88' lang='lat'><strong>:</strong></span> <span class='ocrx_word' id='word_1_116' title='bbox 1021 1912 1173 1965; x_wconf 89' lang='lat' dir='ltr'>porro</span> <span class='ocrx_word' id='word_1_117' title='bbox 1217 1895 1475 1964; x_wconf 85' lang='lat' dir='ltr'>innotuit,</span> <span class='ocrx_word' id='word_1_118' title='bbox 1516 1895 1649 1950; x_wconf 89' lang='lat' dir='ltr'>hunc</span> <span class='ocrx_word' id='word_1_119' title='bbox 1692 1895 1854 1966; x_wconf 88' lang='lat' dir='ltr'>ipsum</span> <span class='ocrx_word' id='word_1_120' title='bbox 1879 1893 2155 1948; x_wconf 86' lang='lat' dir='ltr'>musculum</span> <span class='ocrx_word' id='word_1_121' title='bbox 2177 1909 2264 1965; x_wconf 88' lang='lat' dir='ltr'>ge-</span> 
     </span>
     <span class='ocr_line' id='line_1_19' title="bbox 521 1977 2264 2050; baseline 0 -19"><span class='ocrx_word' id='word_1_122' title='bbox 521 1977 720 2032; x_wconf 86' lang='lat' dir='ltr'>minum</span> <span class='ocrx_word' id='word_1_123' title='bbox 749 2022 763 2048; x_wconf 85' lang='lat'>,</span> <span class='ocrx_word' id='word_1_124' title='bbox 831 1978 1057 2050; x_wconf 83' lang='lat' dir='ltr'>superato</span> <span class='ocrx_word' id='word_1_125' title='bbox 1100 1980 1317 2034; x_wconf 87' lang='lat' dir='ltr'>dimidio</span> <span class='ocrx_word' id='word_1_126' title='bbox 1378 1981 1540 2034; x_wconf 87' lang='lat' dir='ltr'>sterno</span> <span class='ocrx_word' id='word_1_127' title='bbox 1588 2023 1603 2050; x_wconf 85' lang='lat'>‚</span> <span class='ocrx_word' id='word_1_128' title='bbox 1668 1980 1719 2032; x_wconf 92' lang='lat' dir='ltr'>in</span> <span class='ocrx_word' id='word_1_129' title='bbox 1790 1977 2094 2034; x_wconf 86' lang='lat' dir='ltr'>tendinosam</span> <span class='ocrx_word' id='word_1_130' title='bbox 2167 1979 2264 2032; x_wconf 74' lang='lat' dir='ltr'>siue</span> 
     </span>
     <span class='ocr_line' id='line_1_20' title="bbox 519 2062 2264 2136; baseline 0.001 -22"><span class='ocrx_word' id='word_1_131' title='bbox 519 2065 929 2132; x_wconf 82' lang='lat' dir='ltr'>aponeuroticam</span> <span class='ocrx_word' id='word_1_132' title='bbox 985 2062 1119 2118; x_wconf 77' lang='lat' dir='ltr'>abire</span> <span class='ocrx_word' id='word_1_133' title='bbox 1185 2065 1598 2119; x_wconf 86' lang='lat' dir='ltr'>constitutionem</span> <span class='ocrx_word' id='word_1_134' title='bbox 1663 2065 1723 2118; x_wconf 81' lang='lat' dir='ltr'>ad</span> <span class='ocrx_word' id='word_1_135' title='bbox 1793 2081 1941 2136; x_wconf 86' lang='lat' dir='ltr'>vsque</span> <span class='ocrx_word' id='word_1_136' title='bbox 2008 2063 2264 2118; x_wconf 83' lang='lat' dir='ltr'>clauiculas</span> 
     </span>
     <span class='ocr_line' id='line_1_21' title="bbox 524 2138 2262 2222; baseline 0 -23"><span class='ocrx_word' id='word_1_137' title='bbox 524 2147 942 2222; x_wconf 73' lang='lat' dir='ltr'>continuantem3</span> <span class='ocrx_word' id='word_1_138' title='bbox 988 2149 1163 2202; x_wconf 88' lang='lat' dir='ltr'>deinde</span> <span class='ocrx_word' id='word_1_139' title='bbox 1208 2138 1378 2220; x_wconf 59' lang='lat' dir='ltr'>aperte</span> <span class='ocrx_word' id='word_1_140' title='bbox 1422 2147 1640 2221; x_wconf 86' lang='lat' dir='ltr'>dignosci</span> <span class='ocrx_word' id='word_1_141' title='bbox 1698 2150 1864 2220; x_wconf 86' lang='lat' dir='ltr'>potuit</span> <span class='ocrx_word' id='word_1_142' title='bbox 1889 2192 1902 2218; x_wconf 86' lang='lat'>‚</span> <span class='ocrx_word' id='word_1_143' title='bbox 1946 2148 2075 2203; x_wconf 86' lang='lat' dir='ltr'>hanc</span> <span class='ocrx_word' id='word_1_144' title='bbox 2136 2163 2262 2219; x_wconf 88' lang='lat' dir='ltr'>apo-</span> 
     </span>
     <span class='ocr_line' id='line_1_22' title="bbox 506 2231 2265 2304; baseline 0.002 -23"><span class='ocrx_word' id='word_1_145' title='bbox 506 2231 750 2284; x_wconf 56' lang='lat' dir='ltr'>„neurofin</span> <span class='ocrx_word' id='word_1_146' title='bbox 818 2233 914 2286; x_wconf 87' lang='lat' dir='ltr'>fine</span> <span class='ocrx_word' id='word_1_147' title='bbox 994 2235 1253 2287; x_wconf 86' lang='lat' dir='ltr'>tendinem</span> <span class='ocrx_word' id='word_1_148' title='bbox 1321 2234 1575 2288; x_wconf 77' lang='lat' dir='ltr'>clauiculas</span> <span class='ocrx_word' id='word_1_149' title='bbox 1642 2235 2077 2304; x_wconf 80' lang='lat' dir='ltr'>transgredientem</span> <span class='ocrx_word' id='word_1_150' title='bbox 2145 2249 2265 2285; x_wconf 89' lang='lat' dir='ltr'>cum</span> 
     </span>
     <span class='ocr_line' id='line_1_23' title="bbox 525 2314 2265 2387; baseline 0.003 -21"><span class='ocrx_word' id='word_1_151' title='bbox 525 2314 1008 2371; x_wconf 69' lang='lat' dir='ltr'>sterno—mastoideo</span> <span class='ocrx_word' id='word_1_152' title='bbox 1053 2318 1277 2372; x_wconf 86' lang='lat' dir='ltr'>musculo</span> <span class='ocrx_word' id='word_1_153' title='bbox 1317 2319 1525 2372; x_wconf 84' lang='lat' dir='ltr'>anterius</span> <span class='ocrx_word' id='word_1_154' title='bbox 1565 2319 1746 2379; x_wconf 83' lang='lat' dir='ltr'>intime</span> <span class='ocrx_word' id='word_1_155' title='bbox 1770 2318 2029 2373; x_wconf 69' lang='lat' dir='ltr'>conned&#39;ti:</span> <span class='ocrx_word' id='word_1_156' title='bbox 2076 2317 2265 2387; x_wconf 71' lang='lat' dir='ltr'>separa-</span> 
     </span>
     <span class='ocr_line' id='line_1_24' title="bbox 513 2398 2267 2476; baseline 0.004 -28"><span class='ocrx_word' id='word_1_157' title='bbox 513 2398 620 2450; x_wconf 76' lang='lat' dir='ltr'>:tim</span> <span class='ocrx_word' id='word_1_158' title='bbox 665 2399 748 2454; x_wconf 89' lang='lat' dir='ltr'>hic</span> <span class='ocrx_word' id='word_1_159' title='bbox 792 2401 1030 2456; x_wconf 84' lang='lat' dir='ltr'>musculus</span> <span class='ocrx_word' id='word_1_160' title='bbox 1074 2403 1302 2474; x_wconf 86' lang='lat' dir='ltr'>geminus</span> <span class='ocrx_word' id='word_1_161' title='bbox 1326 2447 1341 2472; x_wconf 81' lang='lat'>,</span> <span class='ocrx_word' id='word_1_162' title='bbox 1381 2421 1632 2476; x_wconf 86' lang='lat' dir='ltr'>quousque</span> <span class='ocrx_word' id='word_1_163' title='bbox 1675 2404 1898 2457; x_wconf 87' lang='lat' dir='ltr'>carnosus</span> <span class='ocrx_word' id='word_1_164' title='bbox 1934 2413 2044 2464; x_wconf 67' lang='lat' dir='ltr'>erat</span> <span class='ocrx_word' id='word_1_165' title='bbox 2070 2443 2084 2470; x_wconf 85' lang='lat'>,</span> <span class='ocrx_word' id='word_1_166' title='bbox 2130 2401 2267 2455; x_wconf 92' lang='lat' dir='ltr'>ince-</span> 
     </span>
     <span class='ocr_line' id='line_1_25' title="bbox 527 2481 2267 2564; baseline 0.004 -31"><span class='ocrx_word' id='word_1_167' title='bbox 527 2481 715 2555; x_wconf 78' lang='lat' dir='ltr'>debat·⁷</span> <span class='ocrx_word' id='word_1_168' title='bbox 766 2486 815 2537; x_wconf 88' lang='lat' dir='ltr'>in</span> <span class='ocrx_word' id='word_1_169' title='bbox 859 2487 1120 2541; x_wconf 88' lang='lat' dir='ltr'>tendinem</span> <span class='ocrx_word' id='word_1_170' title='bbox 1163 2504 1287 2541; x_wconf 89' lang='lat' dir='ltr'>vero</span> <span class='ocrx_word' id='word_1_171' title='bbox 1338 2488 1572 2556; x_wconf 68' lang='lat' dir='ltr'>strustura</span> <span class='ocrx_word' id='word_1_172' title='bbox 1626 2488 1780 2542; x_wconf 88' lang='lat' dir='ltr'>tribus</span> <span class='ocrx_word' id='word_1_173' title='bbox 1844 2486 2077 2564; x_wconf 21' lang='lat' dir='ltr'>obliqueN</span> <span class='ocrx_word' id='word_1_174' title='bbox 2109 2496 2267 2540; x_wconf 79' lang='lat' dir='ltr'>trans-</span> 
     </span>
     <span class='ocr_line' id='line_1_26' title="bbox 527 2567 2268 2644; baseline 0.004 -27"><span class='ocrx_word' id='word_1_175' title='bbox 527 2567 676 2620; x_wconf 80' lang='lat' dir='ltr'>verfis</span> <span class='ocrx_word' id='word_1_176' title='bbox 720 2570 1122 2637; x_wconf 60' lang='lat' dir='ltr'>productionibus</span> <span class='ocrx_word' id='word_1_177' title='bbox 1166 2572 1431 2626; x_wconf 85' lang='lat' dir='ltr'>tendinofis</span> <span class='ocrx_word' id='word_1_178' title='bbox 1472 2571 1617 2644; x_wconf 80' lang='lat' dir='ltr'>atque</span> <span class='ocrx_word' id='word_1_179' title='bbox 1660 2571 1832 2624; x_wconf 81' lang='lat' dir='ltr'>ansulis</span> <span class='ocrx_word' id='word_1_180' title='bbox 1898 2582 2076 2644; x_wconf 87' lang='lat' dir='ltr'>mutuo</span> <span class='ocrx_word' id='word_1_181' title='bbox 2141 2587 2268 2624; x_wconf 92' lang='lat' dir='ltr'>con-</span> 
     </span>
     <span class='ocr_line' id='line_1_27' title="bbox 525 2640 2261 2727; baseline 0.004 -26"><span class='ocrx_word' id='word_1_182' title='bbox 525 2649 859 2723; x_wconf 72' lang='lat' dir='ltr'>iungeb231tur</span> <span class='ocrx_word' id='word_1_183' title='bbox 903 2655 1208 2725; x_wconf 76' lang='lat' dir='ltr'>congressum</span> <span class='ocrx_word' id='word_1_184' title='bbox 1253 2672 1369 2708; x_wconf 88' lang='lat' dir='ltr'>cum</span> <span class='ocrx_word' id='word_1_185' title='bbox 1417 2655 1696 2710; x_wconf 86' lang='lat' dir='ltr'>mastoideo</span> <span class='ocrx_word' id='word_1_186' title='bbox 1752 2673 1842 2727; x_wconf 84' lang='lat' dir='ltr'>per</span> <span class='ocrx_word' id='word_1_187' title='bbox 1897 2640 2116 2710; x_wconf 80' lang='lat' dir='ltr'>lineam</span> <span class='ocrx_word' id='word_1_188' title='bbox 2144 2672 2261 2709; x_wconf 88' lang='lat' dir='ltr'>con-</span> 
     </span>
     <span class='ocr_line' id='line_1_28' title="bbox 529 2723 2264 2841; baseline 0.005 -56"><span class='ocrx_word' id='word_1_189' title='bbox 529 2732 748 2804; x_wconf 86' lang='lat' dir='ltr'>spicuum</span> <span class='ocrx_word' id='word_1_190' title='bbox 795 2738 1013 2808; x_wconf 83' lang='lat' dir='ltr'>antopfia</span> <span class='ocrx_word' id='word_1_191' title='bbox 1057 2738 1155 2810; x_wconf 69' lang='lat' dir='ltr'>ipsi</span> <span class='ocrx_word' id='word_1_192' title='bbox 1200 2738 1477 2811; x_wconf 81' lang='lat' dir='ltr'>probabat.</span> <span class='ocrx_word' id='word_1_193' title='bbox 1550 2740 1794 2795; x_wconf 75' lang='lat' dir='ltr'>Muscuius</span> <span class='ocrx_word' id='word_1_194' title='bbox 1848 2739 1932 2795; x_wconf 87' lang='lat' dir='ltr'>hic</span> <span class='ocrx_word' id='word_1_195' title='bbox 1993 2723 2124 2815; x_wconf 68' lang='lat' dir='ltr'>quasi</span> <span class='ocrx_word' id='word_1_196' title='bbox 2171 2740 2264 2841; x_wconf 92' lang='lat' dir='ltr'>bi-</span> 
     </span>
     <span class='ocr_line' id='line_1_29' title="bbox 527 2823 1951 2898; baseline 0.007 -26"><span class='ocrx_word' id='word_1_197' title='bbox 527 2833 793 2892; x_wconf 84' lang='lat' dir='ltr'>corporeus</span> <span class='ocrx_word' id='word_1_198' title='bbox 837 2834 888 2877; x_wconf 89' lang='lat' dir='ltr'>et</span> <span class='ocrx_word' id='word_1_199' title='bbox 928 2823 1081 2897; x_wconf 85' lang='lat' dir='ltr'>capiti</span> <span class='ocrx_word' id='word_1_200' title='bbox 1123 2836 1174 2879; x_wconf 89' lang='lat' dir='ltr'>et</span> <span class='ocrx_word' id='word_1_201' title='bbox 1214 2824 1408 2898; x_wconf 70' lang='lat' dir='ltr'>pestori</span> <span class='ocrx_word' id='word_1_202' title='bbox 1447 2825 1704 2882; x_wconf 79' lang='lat' dir='ltr'>inseruiisse</span> <span class='ocrx_word' id='word_1_203' title='bbox 1745 2827 1951 2882; x_wconf 85' lang='lat' dir='ltr'>videtur.</span> 
     </span>
    </p>
   </div>
   <div class='ocr_carea' id='block_1_5' title="bbox 1949 2908 2262 2967">
    <p class='ocr_par' dir='ltr' id='par_1_9' title="bbox 1949 2908 2262 2967">
     <span class='ocr_line' id='line_1_30' title="bbox 1949 2908 2262 2967; baseline -0.013 0"><span class='ocrx_word' id='word_1_204' title='bbox 1949 2912 2081 2967; x_wconf 86' lang='lat' dir='ltr'>Tab.</span> <span class='ocrx_word' id='word_1_205' title='bbox 2107 2908 2262 2965; x_wconf 88' lang='lat' dir='ltr'>VIII.</span> 
     </span>
    </p>
   </div>
  </div>
 </body>
</html>
