2451 3569
226 241 373 315 'PER
406 240 622 311 'riom
665 240 1221 308 PLANETARVM
1275 238 1813 308 GEerNTRICA
1864 265 1889 304 1
1909 265 1933 304 1
1950 265 1979 321 ς

223 392 380 474 etiam
419 404 607 460 *facilius
657 419 776 458 vera
840 401 953 457 solis
991 400 1201 456 'theoria'
1256 399 1570 456 obtinebitur
1594 446 1608 474 ‚
1652 419 1809 477 quam
1852 401 1891 460 fi
1930 418 1994 461 ea

221 488 440 549 orrinino
484 508 512 545 a
556 489 716 564 priori
761 487 982 561 indagari
1021 486 1242 540 deberet.

380 577 427 646 ξ,
462 593 554 631 11.
603 574 805 631 Deinde
848 574 1008 626 etiam
1051 570 1166 624 data
1213 585 1354 642 pono
1400 569 1705 643 singulorum
1766 573 1998 646 planeta-

199 679 338 735 ‘rum
385 675 624 735 tempora
694 658 949 732 periodica
976 700 992 726 ,
1058 657 1247 728 quippe
1292 673 1416 727 quae
1462 673 1532 711 ex
1575 670 1654 713 tot
1711 657 1995 716 seculorum

216 748 491 804 interualio
508 742 736 804 institutis
753 741 1159 799 obseruationbus
1203 741 1370 795 multo
1412 745 1683 799 accuratius
1726 745 1831 800 sunt
1867 746 1993 802 defi

225 835 328 889 nita
357 877 372 905 ,
422 848 573 919 quam
621 847 710 904 per
759 825 1124 884 obseruationes
1165 834 1297 878 nunc
1341 826 1656 883 instituendas
1693 830 1784 893 vel
1817 832 2000 905 exqui-

222 915 462 973 fitiffimas
488 906 764 989 expect-iri
808 911 988 982 posset.
1075 909 1165 964 Ex
1207 909 1332 963 datis
1372 923 1544 966 autem
1575 916 1890 985 temporibus
1913 933 2002 990 pc-

222 1001 426 1057 riodicis
467 1001 782 1071 planetarum
826 994 973 1048 fimul
1015 994 1148 1046 ratio
1171 1034 1187 1060 ,
1243 1011 1397 1060 quam
1452 997 1582 1052 inter
1625 998 1672 1055 se
1697 1012 1872 1056 tenent
1916 1019 2001 1057 or

220 1086 438 1142 bitarum
484 1098 601 1137 axes
667 1079 888 1136 trasuersi
926 1122 940 1150 ‚
1001 1076 1083 1132 {eu
1127 1075 1387 1130 distantiae
1431 1089 1459 1129 a
1501 1075 1600 1129 sole
1643 1088 1840 1133 mediac-
1869 1129 1883 1143 ,
1926 1087 2006 1133 in..

223 1167 481 1242 hotescit3
529 1168 752 1223 omnino
798 1165 942 1220 enim
986 1160 1122 1236 sequi
1174 1160 1443 1218 conueniet
1509 1156 1763 1214 theoriam
1830 1172 2005 1217 motus

219 1257 536 1328 planetarum
579 1271 610 1308 a
654 1251 936 1313 Newtono
970 1249 1252 1305 stabilitam.
1340 1236 1486 1302 Hanc
1528 1257 1700 1304 autem
1743 1243 2002 1303 theoriam

218 1335 468 1392 secuturus
511 1330 820 1401 singulorum
865 1328 1177 1400 planetarum
1217 1336 1337 1385 tam
1382 1329 1581 1401 aphelia
1625 1347 1780 1403 quam
1838 1332 2006 1389 nodos

223 1413 449 1486 tespeetu
494 1411 745 1468 stellarum
791 1411 1013 1468 fixarum
1049 1412 1299 1485 quiescere
1345 1413 1584 1493 affum03
1631 1415 1710 1471 seu
1754 1414 1868 1487 ipsis
1919 1432 2002 1472 re-

219 1498 392 1574 spectu
435 1498 870 1570 aequinoctiorum
913 1511 1130 1557 motum·
1166 1499 1260 1569 ipsi
1310 1498 1634 1571 praeceffioni
1657 1500 2006 1572 aequinoctio-

222 1602 342 1643 rum
387 1583 652 1656 aequalem
695 1584 885 1644 tribuo·
971 1583 1118 1660 Quae
1161 1582 1397 1642 affumtio
1440 1584 1518 1642 vti
1557 1585 1740 1643 rationi
1773 1586 2007 1641 maxime

222 1657 296 1727 est
338 1667 666 1730 consentanea
691 1713 707 1742 ‚
775 1670 844 1729 ita
889 1667 1050 1730 etiam
1106 1684 1227 1727 cum
1273 1666 1700 1729 obseruationibus
1764 1671 2004 1745 apprime

222 1755 512 1815 consentit
561 1771 768 1828 neque,
821 1754 904 1814 vti
956 1753 1255 1835 quibusdam
1299 1753 1600 1815 astronomis
1629 1757 1873 1833 videtur,
1909 1771 2006 1834 pet

229 1842 600 1900 obseruationes
643 1840 897 1900 refellitur
1556 1874 1558 1877 -

387 1927 435 2000 ς.
470 1940 562 1985 12..
609 1926 801 2005 Quodsi
844 1941 978 1985 nunc
1021 1923 1206 1985 tabulas
1237 1925 1610 1985 astronomicas
1679 1924 2008 2000 contemple-

229 2031 347 2073 mur
369 2056 385 2085 ‚
427 2010 499 2072 ex
537 2012 712 2084 quibus
748 2011 861 2072 loca
903 2011 1236 2086 planetarum
1259 2012 1510 2086 supputari
1562 2012 1762 2087 solent,
1829 2014 2004 2086 depre-

229 2101 512 2161 hendemus
564 2114 647 2159 eas
699 2098 917 2171 quinque
981 2098 1127 2159 ‚rebus
1172 2102 1244 2157 ex
1288 2097 1717 2160 obseruationibus¹
1772 2097 2011 2156 desumtis

234 2188 370 2255 niti,
417 2185 730 2257 totidemque
773 2197 1039 2261 propterea
1081 2184 1372 2245 nominibus
1413 2201 1644 2241 erroneas
1688 2185 1782 2239 effe
1847 2182 2006 2257 poss‘e.

230 2272 465 2334 Primum
509 2271 653 2329 enim
696 2287 838 2329 error
881 2272 932 2330 in
975 2271 1097 2331 loco
1135 2271 1318 2345 aphelii
1362 2271 1576 2330 affumm
1624 2271 1775 2330 ineffe
1799 2268 1967 2343 potest
1990 2311 2008 2339 ,

231 2358 303 2416 ita
346 2371 404 2413 vt
446 2358 550 2413 eius
591 2372 707 2410 vera
753 2354 1018 2429 longitudo
1061 2358 1151 2413 vel
1194 2357 1364 2416 maior
1408 2357 1468 2415 fit
1490 2355 1575 2411 vel
1610 2359 1780 2413 minor
1804 2399 1819 2426 ‚
1854 2370 2009 2427 quam

233 2440 487 2514 iii¹t³abulis
512 2443 734 2515 ponitur.
764 2437 1003 2501 Secundo
1026 2443 1363 2501 excentricitas
1385 2441 1578 2499 orbitae
1602 2442 1682 2498 seu
1707 2440 1817 2497 solis
1827 2440 2010 2495 distan-

233 2527 303 2583 tia
324 2544 353 2582 a
375 2541 551 2587 centro
574 2528 772 2587 orbitae
797 2527 880 2586 vel
904 2529 1058 2584 nimis
1078 2545 1265 2603 magna
1289 2526 1375 2586 vel
1419 2527 1570 2585 nimis
1604 2544 1756 2600 parua
1801 2524 2010 2581 affumta

236 2612 334 2667 effe
361 2614 550 2685 potest:
578 2615 759 2673 Tertio
781 2629 910 2670 vero
933 2631 1074 2673 error
1096 2614 1242 2673 inesse
1266 2612 1433 2691 potest
1457 2615 1509 2668 in
1534 2613 1790 2671 anomalia
1815 2612 2008 2681 media,

239 2714 366 2771 quae
400 2698 461 2757 ad
497 2699 672 2757 datam
704 2716 875 2758 aeram
910 2701 1223 2759 constituitur
1256 2721 1268 2758 z
1305 2701 1373 2757 ita
1397 2713 1457 2754 vt
1482 2716 1541 2755 ea
1566 2699 1651 2756 vel
1676 2700 1841 2755 maior
1864 2696 2009 2753 statui

239 2784 420 2855 debeat
464 2783 550 2838 vel
595 2783 768 2837 minor
791 2828 806 2852 ,
852 2786 937 2856 qui
981 2803 1123 2847 error
1164 2787 1201 2845 fi
1242 2786 1352 2859 quis
1391 2785 1535 2842 fuerit
1557 2782 1891 2859 deprehensus
1913 2797 2011 2853 pro

241 2871 418 2947 quouis
458 2882 703 2947 tempore
746 2867 886 2927 idem
929 2874 1197 2942 manebit,
1238 2872 1277 2931 fi
1321 2871 1531 2948 quidem
1576 2882 1784 2947 tempus
1838 2867 2009 2946 perio·

1062 2957 1103 3017 P
1151 2973 1186 3014 2
1961 2950 2018 3012 di
