<?xml version="1.0" encoding="UTF-8"?>
<!DOCTYPE html PUBLIC "-//W3C//DTD XHTML 1.0 Transitional//EN"
    "http://www.w3.org/TR/xhtml1/DTD/xhtml1-transitional.dtd">
<html xmlns="http://www.w3.org/1999/xhtml" xml:lang="en" lang="en">
 <head>
  <title>
</title>
<meta http-equiv="Content-Type" content="text/html;charset=utf-8" />
  <meta name='ocr-system' content='tesseract 3.04.00' />
  <meta name='ocr-capabilities' content='ocr_page ocr_carea ocr_par ocr_line ocrx_word'/>
</head>
<body>
  <div class='ocr_page' id='page_1' title='image "./commentariiacade12impe_0119.png"; bbox 0 0 2451 3569; ppageno 0'>
   <div class='ocr_carea' id='block_1_1' title="bbox 159 207 1914 335">
    <p class='ocr_par' dir='ltr' id='par_1_1' title="bbox 159 207 1914 335">
     <span class='ocr_line' id='line_1_1' title="bbox 159 207 1914 335; baseline 0.004 -9"><span class='ocrx_word' id='word_1_1' title='bbox 159 255 306 326; x_wconf 83' lang='lat' dir='ltr'><strong>PER</strong></span> <span class='ocrx_word' id='word_1_2' title='bbox 350 207 560 326; x_wconf 58' lang='lat' dir='ltr'><em>LOCA</em></span> <span class='ocrx_word' id='word_1_3' title='bbox 601 256 1151 328; x_wconf 80' lang='lat' dir='ltr'><em>PLANETARVM</em></span> <span class='ocrx_word' id='word_1_4' title='bbox 1190 263 1760 335; x_wconf 75' lang='lat' dir='ltr'><strong><em>GEOCENTRICA.</em></strong></span> <span class='ocrx_word' id='word_1_5' title='bbox 1801 290 1914 333; x_wconf 77' lang='lat'><strong>111</strong></span> 
     </span>
    </p>
   </div>
   <div class='ocr_carea' id='block_1_2' title="bbox 153 416 1929 1430">
    <p class='ocr_par' dir='ltr' id='par_1_2' title="bbox 153 416 1929 1430">
     <span class='ocr_line' id='line_1_2' title="bbox 315 416 1925 501; baseline 0.007 -29"><span class='ocrx_word' id='word_1_6' title='bbox 315 420 361 486; x_wconf 75' lang='lat'><strong>§-</strong></span> <span class='ocrx_word' id='word_1_7' title='bbox 389 437 447 487; x_wconf 86' lang='lat'><strong>4.</strong></span> <span class='ocrx_word' id='word_1_8' title='bbox 491 416 553 474; x_wconf 90' lang='lat' dir='ltr'><strong>In</strong></span> <span class='ocrx_word' id='word_1_9' title='bbox 600 417 813 492; x_wconf 83' lang='lat' dir='ltr'><strong>planetis</strong></span> <span class='ocrx_word' id='word_1_10' title='bbox 857 419 1161 476; x_wconf 87' lang='lat' dir='ltr'><strong>inferioribus</strong></span> <span class='ocrx_word' id='word_1_11' title='bbox 1200 423 1400 478; x_wconf 80' lang='lat' dir='ltr'><strong>Venere</strong></span> <span class='ocrx_word' id='word_1_12' title='bbox 1438 436 1489 479; x_wconf 94' lang='lat' dir='ltr'><strong>et</strong></span> <span class='ocrx_word' id='word_1_13' title='bbox 1524 425 1786 483; x_wconf 87' lang='lat' dir='ltr'>Mercurio</span> <span class='ocrx_word' id='word_1_14' title='bbox 1809 428 1925 501; x_wconf 77' lang='lat' dir='ltr'><strong>quia</strong></span> 
     </span>
     <span class='ocr_line' id='line_1_3' title="bbox 159 504 1925 580; baseline 0.005 -19"><span class='ocrx_word' id='word_1_15' title='bbox 159 505 501 578; x_wconf 77' lang='lat' dir='ltr'><strong>oppositiones</strong></span> <span class='ocrx_word' id='word_1_16' title='bbox 541 523 660 561; x_wconf 92' lang='lat' dir='ltr'><strong>cum</strong></span> <span class='ocrx_word' id='word_1_17' title='bbox 704 504 801 560; x_wconf 90' lang='lat' dir='ltr'><strong>sole</strong></span> <span class='ocrx_word' id='word_1_18' title='bbox 844 523 951 561; x_wconf 92' lang='lat' dir='ltr'><strong>non</strong></span> <span class='ocrx_word' id='word_1_19' title='bbox 995 507 1298 580; x_wconf 85' lang='lat' dir='ltr'><strong>contingunt</strong></span> <span class='ocrx_word' id='word_1_20' title='bbox 1323 552 1339 580; x_wconf 84' lang='lat'>‚</span> <span class='ocrx_word' id='word_1_21' title='bbox 1381 525 1561 565; x_wconf 91' lang='lat' dir='ltr'><strong>eorum</strong></span> <span class='ocrx_word' id='word_1_22' title='bbox 1607 514 1925 568; x_wconf 58' lang='lat' dir='ltr'><strong>coniunctio-</strong></span> 
     </span>
     <span class='ocr_line' id='line_1_4' title="bbox 157 589 1924 671; baseline 0.006 -25"><span class='ocrx_word' id='word_1_23' title='bbox 157 606 245 646; x_wconf 87' lang='lat' dir='ltr'><strong>nes</strong></span> <span class='ocrx_word' id='word_1_24' title='bbox 283 601 419 645; x_wconf 71' lang='lat' dir='ltr'><strong>cum‘</strong></span> <span class='ocrx_word' id='word_1_25' title='bbox 444 589 548 646; x_wconf 91' lang='lat' dir='ltr'><strong>sole</strong></span> <span class='ocrx_word' id='word_1_26' title='bbox 591 592 854 664; x_wconf 85' lang='lat' dir='ltr'><strong>diligenter</strong></span> <span class='ocrx_word' id='word_1_27' title='bbox 896 590 1053 644; x_wconf 92' lang='lat' dir='ltr'><strong>solent</strong></span> <span class='ocrx_word' id='word_1_28' title='bbox 1097 593 1366 652; x_wconf 74' lang='lat' dir='ltr'><strong>obseruari:</strong></span> <span class='ocrx_word' id='word_1_29' title='bbox 1391 612 1459 650; x_wconf 88' lang='lat' dir='ltr'><strong>ex</strong></span> <span class='ocrx_word' id='word_1_30' title='bbox 1501 595 1581 652; x_wconf 89' lang='lat' dir='ltr'><strong>his</strong></span> <span class='ocrx_word' id='word_1_31' title='bbox 1631 599 1767 654; x_wconf 90' lang='lat' dir='ltr'><strong>enim</strong></span> <span class='ocrx_word' id='word_1_32' title='bbox 1813 601 1924 671; x_wconf 77' lang='lat' dir='ltr'><strong>pari</strong></span> 
     </span>
     <span class='ocr_line' id='line_1_5' title="bbox 154 674 1926 751; baseline 0.005 -20"><span class='ocrx_word' id='word_1_33' title='bbox 154 674 322 731; x_wconf 91' lang='lat' dir='ltr'><strong>modo</strong></span> <span class='ocrx_word' id='word_1_34' title='bbox 361 675 475 730; x_wconf 88' lang='lat' dir='ltr'><strong>loca</strong></span> <span class='ocrx_word' id='word_1_35' title='bbox 520 676 879 732; x_wconf 82' lang='lat' dir='ltr'><strong>heliocentrica</strong></span> <span class='ocrx_word' id='word_1_36' title='bbox 923 677 1137 731; x_wconf 86' lang='lat' dir='ltr'><strong>deriuari</strong></span> <span class='ocrx_word' id='word_1_37' title='bbox 1181 680 1400 751; x_wconf 82' lang='lat' dir='ltr'><strong>poffunt.</strong></span> <span class='ocrx_word' id='word_1_38' title='bbox 1485 680 1704 739; x_wconf 86' lang='lat' dir='ltr'><strong>Interim</strong></span> <span class='ocrx_word' id='word_1_39' title='bbox 1751 696 1926 740; x_wconf 82' lang='lat' dir='ltr'><strong>tamen</strong></span> 
     </span>
     <span class='ocr_line' id='line_1_6' title="bbox 155 760 1923 842; baseline 0.006 -27"><span class='ocrx_word' id='word_1_40' title='bbox 155 760 443 815; x_wconf 86' lang='lat' dir='ltr'><strong>istiusmodi</strong></span> <span class='ocrx_word' id='word_1_41' title='bbox 496 763 864 817; x_wconf 83' lang='lat' dir='ltr'><strong>obseruationes</strong></span> <span class='ocrx_word' id='word_1_42' title='bbox 928 761 998 816; x_wconf 93' lang='lat' dir='ltr'><strong>ob</strong></span> <span class='ocrx_word' id='word_1_43' title='bbox 1048 761 1305 819; x_wconf 82' lang='lat' dir='ltr'><strong>summam</strong></span> <span class='ocrx_word' id='word_1_44' title='bbox 1360 767 1554 823; x_wconf 86' lang='lat' dir='ltr'><strong>horum</strong></span> <span class='ocrx_word' id='word_1_45' title='bbox 1607 770 1923 842; x_wconf 83' lang='lat' dir='ltr'><strong>planetarum</strong></span> 
     </span>
     <span class='ocr_line' id='line_1_7' title="bbox 157 844 1927 923; baseline 0.006 -23"><span class='ocrx_word' id='word_1_46' title='bbox 157 857 210 900; x_wconf 89' lang='lat' dir='ltr'><strong>et</strong></span> <span class='ocrx_word' id='word_1_47' title='bbox 254 844 365 901; x_wconf 84' lang='lat' dir='ltr'><strong>solis</strong></span> <span class='ocrx_word' id='word_1_48' title='bbox 409 848 837 921; x_wconf 82' lang='lat' dir='ltr'><strong>propinquitatem</strong></span> <span class='ocrx_word' id='word_1_49' title='bbox 891 844 993 900; x_wconf 92' lang='lat' dir='ltr'><strong>hoc</strong></span> <span class='ocrx_word' id='word_1_50' title='bbox 1045 858 1286 920; x_wconf 89' lang='lat' dir='ltr'><strong>tempore</strong></span> <span class='ocrx_word' id='word_1_51' title='bbox 1325 867 1531 923; x_wconf 80' lang='lat' dir='ltr'><strong>perraro</strong></span> <span class='ocrx_word' id='word_1_52' title='bbox 1572 867 1624 907; x_wconf 91' lang='lat' dir='ltr'><strong>et</strong></span> <span class='ocrx_word' id='word_1_53' title='bbox 1668 873 1772 909; x_wconf 88' lang='lat' dir='ltr'><strong>non</strong></span> <span class='ocrx_word' id='word_1_54' title='bbox 1818 855 1927 911; x_wconf 68' lang='lat' dir='ltr'><strong>stitis</strong></span> 
     </span>
     <span class='ocr_line' id='line_1_8' title="bbox 155 929 1924 1006; baseline 0.005 -21"><span class='ocrx_word' id='word_1_55' title='bbox 155 945 382 987; x_wconf 76' lang='lat' dir='ltr'><strong>accurate</strong></span> <span class='ocrx_word' id='word_1_56' title='bbox 435 934 621 988; x_wconf 90' lang='lat' dir='ltr'><strong>institui</strong></span> <span class='ocrx_word' id='word_1_57' title='bbox 675 933 891 1004; x_wconf 83' lang='lat' dir='ltr'><strong>poffunt.</strong></span> <span class='ocrx_word' id='word_1_58' title='bbox 995 929 1170 1006; x_wconf 75' lang='lat' dir='ltr'><strong>Quare</strong></span> <span class='ocrx_word' id='word_1_59' title='bbox 1238 949 1305 988; x_wconf 84' lang='lat' dir='ltr'><strong>ex</strong></span> <span class='ocrx_word' id='word_1_60' title='bbox 1360 934 1462 990; x_wconf 91' lang='lat' dir='ltr'><strong>hoc</strong></span> <span class='ocrx_word' id='word_1_61' title='bbox 1519 937 1924 995; x_wconf 69' lang='lat' dir='ltr'><strong>obstruationum</strong></span> 
     </span>
     <span class='ocr_line' id='line_1_9' title="bbox 153 1014 1927 1097; baseline 0.006 -29"><span class='ocrx_word' id='word_1_62' title='bbox 153 1033 338 1088; x_wconf 86' lang='lat' dir='ltr'><strong>genere</strong></span> <span class='ocrx_word' id='word_1_63' title='bbox 377 1020 431 1072; x_wconf 86' lang='lat' dir='ltr'><strong>in</strong></span> <span class='ocrx_word' id='word_1_64' title='bbox 475 1018 536 1072; x_wconf 84' lang='lat' dir='ltr'><strong>iis</strong></span> <span class='ocrx_word' id='word_1_65' title='bbox 577 1028 778 1072; x_wconf 83' lang='lat' dir='ltr'><strong>tantum</strong></span> <span class='ocrx_word' id='word_1_66' title='bbox 825 1014 1058 1071; x_wconf 80' lang='lat' dir='ltr'><strong>maxima</strong></span> <span class='ocrx_word' id='word_1_67' title='bbox 1101 1016 1283 1074; x_wconf 84' lang='lat' dir='ltr'><strong>fiducia</strong></span> <span class='ocrx_word' id='word_1_68' title='bbox 1327 1023 1453 1094; x_wconf 91' lang='lat' dir='ltr'><strong>poni</strong></span> <span class='ocrx_word' id='word_1_69' title='bbox 1499 1024 1663 1095; x_wconf 87' lang='lat' dir='ltr'><strong>potest</strong></span> <span class='ocrx_word' id='word_1_70' title='bbox 1690 1065 1704 1094; x_wconf 89' lang='lat'>‚</span> <span class='ocrx_word' id='word_1_71' title='bbox 1741 1025 1794 1079; x_wconf 93' lang='lat' dir='ltr'><strong>in</strong></span> <span class='ocrx_word' id='word_1_72' title='bbox 1820 1027 1927 1097; x_wconf 83' lang='lat' dir='ltr'><strong>qui·</strong></span> 
     </span>
     <span class='ocr_line' id='line_1_10' title="bbox 155 1100 1928 1180; baseline 0.005 -23"><span class='ocrx_word' id='word_1_73' title='bbox 155 1101 247 1158; x_wconf 86' lang='lat' dir='ltr'><strong>bus</strong></span> <span class='ocrx_word' id='word_1_74' title='bbox 300 1102 375 1155; x_wconf 86' lang='lat' dir='ltr'><strong>isti</strong></span> <span class='ocrx_word' id='word_1_75' title='bbox 429 1100 659 1172; x_wconf 83' lang='lat' dir='ltr'><strong>planetae</strong></span> <span class='ocrx_word' id='word_1_76' title='bbox 715 1104 767 1157; x_wconf 90' lang='lat' dir='ltr'><strong>in</strong></span> <span class='ocrx_word' id='word_1_77' title='bbox 825 1100 934 1173; x_wconf 83' lang='lat' dir='ltr'><strong>ipso</strong></span> <span class='ocrx_word' id='word_1_78' title='bbox 983 1101 1096 1156; x_wconf 84' lang='lat' dir='ltr'><strong>solis</strong></span> <span class='ocrx_word' id='word_1_79' title='bbox 1149 1103 1281 1160; x_wconf 89' lang='lat' dir='ltr'><strong>disco</strong></span> <span class='ocrx_word' id='word_1_80' title='bbox 1334 1107 1719 1180; x_wconf 85' lang='lat' dir='ltr'><strong>conspiciuntur.</strong></span> <span class='ocrx_word' id='word_1_81' title='bbox 1810 1110 1928 1166; x_wconf 90' lang='lat' dir='ltr'><strong>Hoc</strong></span> 
     </span>
     <span class='ocr_line' id='line_1_11' title="bbox 154 1185 1927 1261; baseline 0.005 -19"><span class='ocrx_word' id='word_1_82' title='bbox 154 1199 330 1242; x_wconf 76' lang='lat' dir='ltr'><strong>autem</strong></span> <span class='ocrx_word' id='word_1_83' title='bbox 375 1201 481 1240; x_wconf 90' lang='lat' dir='ltr'><strong>non</strong></span> <span class='ocrx_word' id='word_1_84' title='bbox 524 1185 684 1242; x_wconf 89' lang='lat' dir='ltr'><strong>solum</strong></span> <span class='ocrx_word' id='word_1_85' title='bbox 731 1186 973 1243; x_wconf 81' lang='lat' dir='ltr'><strong>rariffime</strong></span> <span class='ocrx_word' id='word_1_86' title='bbox 1014 1189 1186 1243; x_wconf 90' lang='lat' dir='ltr'><strong>euenit</strong></span> <span class='ocrx_word' id='word_1_87' title='bbox 1211 1234 1226 1261; x_wconf 87' lang='lat'>‚</span> <span class='ocrx_word' id='word_1_88' title='bbox 1281 1190 1364 1247; x_wconf 90' lang='lat' dir='ltr'><strong>sed</strong></span> <span class='ocrx_word' id='word_1_89' title='bbox 1409 1196 1565 1249; x_wconf 75' lang='lat' dir='ltr'><strong>etiam</strong></span> <span class='ocrx_word' id='word_1_90' title='bbox 1627 1196 1688 1251; x_wconf 84' lang='lat' dir='ltr'><strong>iis</strong></span> <span class='ocrx_word' id='word_1_91' title='bbox 1725 1209 1927 1251; x_wconf 85' lang='lat' dir='ltr'><strong>tantum</strong></span> 
     </span>
     <span class='ocr_line' id='line_1_12' title="bbox 156 1272 1927 1355; baseline 0.008 -31"><span class='ocrx_word' id='word_1_92' title='bbox 156 1272 475 1344; x_wconf 87' lang='lat' dir='ltr'><strong>temporibus</strong></span> <span class='ocrx_word' id='word_1_93' title='bbox 499 1317 514 1342; x_wconf 85' lang='lat'>,</span> <span class='ocrx_word' id='word_1_94' title='bbox 570 1274 743 1346; x_wconf 86' lang='lat' dir='ltr'><strong>quibus</strong></span> <span class='ocrx_word' id='word_1_95' title='bbox 796 1273 851 1328; x_wconf 92' lang='lat' dir='ltr'><strong>hi</strong></span> <span class='ocrx_word' id='word_1_96' title='bbox 897 1274 1128 1347; x_wconf 81' lang='lat' dir='ltr'><strong>planetae</strong></span> <span class='ocrx_word' id='word_1_97' title='bbox 1181 1279 1328 1334; x_wconf 89' lang='lat' dir='ltr'><strong>nodis</strong></span> <span class='ocrx_word' id='word_1_98' title='bbox 1370 1277 1461 1334; x_wconf 82' lang='lat' dir='ltr'><strong>suis</strong></span> <span class='ocrx_word' id='word_1_99' title='bbox 1505 1278 1619 1335; x_wconf 84' lang='lat' dir='ltr'><strong>sunt·</strong></span> <span class='ocrx_word' id='word_1_100' title='bbox 1651 1282 1927 1355; x_wconf 76' lang='lat' dir='ltr'><strong>proximiz,</strong></span> 
     </span>
     <span class='ocr_line' id='line_1_13' title="bbox 153 1359 1929 1430; baseline 0.008 -20"><span class='ocrx_word' id='word_1_101' title='bbox 153 1371 221 1410; x_wconf 87' lang='lat' dir='ltr'><strong>ex</strong></span> <span class='ocrx_word' id='word_1_102' title='bbox 265 1374 369 1429; x_wconf 86' lang='lat' dir='ltr'><strong>quo</strong></span> <span class='ocrx_word' id='word_1_103' title='bbox 415 1374 509 1430; x_wconf 88' lang='lat' dir='ltr'><strong>per</strong></span> <span class='ocrx_word' id='word_1_104' title='bbox 551 1359 678 1415; x_wconf 80' lang='lat' dir='ltr'><strong>hanc</strong></span> <span class='ocrx_word' id='word_1_105' title='bbox 724 1359 868 1415; x_wconf 81' lang='lat' dir='ltr'><strong>viam</strong></span> <span class='ocrx_word' id='word_1_106' title='bbox 912 1364 1014 1415; x_wconf 87' lang='lat' dir='ltr'><strong>duo</strong></span> <span class='ocrx_word' id='word_1_107' title='bbox 1058 1374 1254 1416; x_wconf 82' lang='lat' dir='ltr'><strong>tantum</strong></span> <span class='ocrx_word' id='word_1_108' title='bbox 1311 1364 1425 1420; x_wconf 84' lang='lat' dir='ltr'><strong>loca</strong></span> <span class='ocrx_word' id='word_1_109' title='bbox 1469 1364 1822 1424; x_wconf 84' lang='lat' dir='ltr'><strong>heliocentrica</strong></span> <span class='ocrx_word' id='word_1_110' title='bbox 1871 1369 1929 1425; x_wconf 87' lang='lat' dir='ltr'><strong>in</strong></span> 
     </span>
    </p>
   </div>
   <div class='ocr_carea' id='block_1_3' title="bbox 62 1441 1932 1521">
    <p class='ocr_par' dir='ltr' id='par_1_3' title="bbox 62 1441 1932 1521">
     <span class='ocr_line' id='line_1_14' title="bbox 62 1441 1932 1521; baseline 0.006 -26"><span class='ocrx_word' id='word_1_111' title='bbox 62 1453 69 1460; x_wconf 80' lang='grc'><strong>“</strong></span> <span class='ocrx_word' id='word_1_112' title='bbox 153 1441 319 1497; x_wconf 85' lang='lat' dir='ltr'><strong>orbita</strong></span> <span class='ocrx_word' id='word_1_113' title='bbox 343 1444 576 1515; x_wconf 79' lang='lat' dir='ltr'><strong>planetae</strong></span> <span class='ocrx_word' id='word_1_114' title='bbox 600 1442 787 1501; x_wconf 80' lang='lat' dir='ltr'><strong>diuersa</strong></span> <span class='ocrx_word' id='word_1_115' title='bbox 841 1445 1016 1500; x_wconf 85' lang='lat' dir='ltr'><strong>elicere</strong></span> <span class='ocrx_word' id='word_1_116' title='bbox 1072 1447 1194 1501; x_wconf 90' lang='lat' dir='ltr'><strong>licet</strong></span> <span class='ocrx_word' id='word_1_117' title='bbox 1216 1491 1232 1517; x_wconf 83' lang='lat'>‚</span> <span class='ocrx_word' id='word_1_118' title='bbox 1260 1466 1385 1521; x_wconf 78' lang='lat' dir='ltr'><strong>quae</strong></span> <span class='ocrx_word' id='word_1_119' title='bbox 1410 1450 1471 1505; x_wconf 83' lang='lat' dir='ltr'><strong>ad</strong></span> <span class='ocrx_word' id='word_1_120' title='bbox 1497 1449 1749 1508; x_wconf 74' lang='lat' dir='ltr'><strong>theoriam</strong></span> <span class='ocrx_word' id='word_1_121' title='bbox 1785 1454 1932 1509; x_wconf 79' lang='lat' dir='ltr'><strong>stabi-</strong></span> 
     </span>
    </p>
   </div>
   <div class='ocr_carea' id='block_1_4' title="bbox 149 1526 1938 3049">
    <p class='ocr_par' dir='ltr' id='par_1_4' title="bbox 149 1526 1938 2199">
     <span class='ocr_line' id='line_1_15' title="bbox 154 1526 1929 1605; baseline 0.006 -23"><span class='ocrx_word' id='word_1_122' title='bbox 154 1526 369 1582; x_wconf 73' lang='lat' dir='ltr'><strong>liendam</strong></span> <span class='ocrx_word' id='word_1_123' title='bbox 396 1547 496 1584; x_wconf 92' lang='lat' dir='ltr'><strong>non</strong></span> <span class='ocrx_word' id='word_1_124' title='bbox 521 1529 783 1585; x_wconf 88' lang='lat' dir='ltr'><strong>sufficiunt.</strong></span> <span class='ocrx_word' id='word_1_125' title='bbox 835 1529 1025 1601; x_wconf 87' lang='lat' dir='ltr'><strong>Neque</strong></span> <span class='ocrx_word' id='word_1_126' title='bbox 1049 1548 1179 1585; x_wconf 78' lang='lat' dir='ltr'><strong>vero</strong></span> <span class='ocrx_word' id='word_1_127' title='bbox 1203 1548 1268 1585; x_wconf 85' lang='lat' dir='ltr'><strong>ex</strong></span> <span class='ocrx_word' id='word_1_128' title='bbox 1292 1535 1607 1605; x_wconf 78' lang='lat' dir='ltr'><strong>planetarum</strong></span> <span class='ocrx_word' id='word_1_129' title='bbox 1634 1538 1929 1593; x_wconf 86' lang='lat' dir='ltr'><strong>inferiorum</strong></span> 
     </span>
     <span class='ocr_line' id='line_1_16' title="bbox 153 1613 1935 1686; baseline 0.007 -19"><span class='ocrx_word' id='word_1_130' title='bbox 153 1613 551 1686; x_wconf 83' lang='lat' dir='ltr'><strong>elongationibus</strong></span> <span class='ocrx_word' id='word_1_131' title='bbox 594 1616 838 1671; x_wconf 83' lang='lat' dir='ltr'><strong>maximis</strong></span> <span class='ocrx_word' id='word_1_132' title='bbox 878 1631 908 1669; x_wconf 77' lang='lat' dir='ltr'>a</span> <span class='ocrx_word' id='word_1_133' title='bbox 952 1613 1055 1670; x_wconf 91' lang='lat' dir='ltr'><strong>sole</strong></span> <span class='ocrx_word' id='word_1_134' title='bbox 1097 1615 1360 1673; x_wconf 81' lang='lat' dir='ltr'><strong>obseruatis</strong></span> <span class='ocrx_word' id='word_1_135' title='bbox 1402 1618 1517 1675; x_wconf 84' lang='lat' dir='ltr'><strong>loca</strong></span> <span class='ocrx_word' id='word_1_136' title='bbox 1573 1621 1935 1680; x_wconf 80' lang='lat' dir='ltr'><strong>heliocentrica</strong></span> 
     </span>
     <span class='ocr_line' id='line_1_17' title="bbox 152 1698 1931 1774; baseline 0.007 -22"><span class='ocrx_word' id='word_1_137' title='bbox 152 1698 349 1759; x_wconf 25' lang='lat' dir='ltr'><strong>deducis</strong></span> <span class='ocrx_word' id='word_1_138' title='bbox 377 1700 573 1772; x_wconf 77' lang='lat' dir='ltr'><strong>possunt</strong></span> <span class='ocrx_word' id='word_1_139' title='bbox 599 1746 615 1772; x_wconf 72' lang='lat'>,</span> <span class='ocrx_word' id='word_1_140' title='bbox 659 1701 748 1757; x_wconf 77' lang='lat' dir='ltr'><strong>nisi</strong></span> <span class='ocrx_word' id='word_1_141' title='bbox 794 1701 988 1756; x_wconf 81' lang='lat' dir='ltr'><strong>orbitae</strong></span> <span class='ocrx_word' id='word_1_142' title='bbox 1032 1700 1348 1774; x_wconf 81' lang='lat' dir='ltr'><strong>planetarum</strong></span> <span class='ocrx_word' id='word_1_143' title='bbox 1393 1706 1651 1761; x_wconf 83' lang='lat' dir='ltr'><strong>circulares</strong></span> <span class='ocrx_word' id='word_1_144' title='bbox 1688 1708 1931 1765; x_wconf 74' lang='lat' dir='ltr'><strong>assuman-</strong></span> 
     </span>
     <span class='ocr_line' id='line_1_18' title="bbox 154 1786 1934 1859; baseline 0.007 -22"><span class='ocrx_word' id='word_1_145' title='bbox 154 1795 236 1838; x_wconf 88' lang='lat' dir='ltr'><strong>tur</strong></span> <span class='ocrx_word' id='word_1_146' title='bbox 262 1827 278 1854; x_wconf 82' lang='lat'>‚</span> <span class='ocrx_word' id='word_1_147' title='bbox 322 1802 447 1856; x_wconf 81' lang='lat' dir='ltr'><strong>quae</strong></span> <span class='ocrx_word' id='word_1_148' title='bbox 491 1787 683 1859; x_wconf 75' lang='lat' dir='ltr'><strong>positio</strong></span> <span class='ocrx_word' id='word_1_149' title='bbox 724 1804 823 1858; x_wconf 91' lang='lat' dir='ltr'><strong>pro</strong></span> <span class='ocrx_word' id='word_1_150' title='bbox 867 1786 1129 1841; x_wconf 86' lang='lat' dir='ltr'><strong>Mercurio</strong></span> <span class='ocrx_word' id='word_1_151' title='bbox 1174 1804 1202 1840; x_wconf 84' lang='lat' dir='ltr'>a</span> <span class='ocrx_word' id='word_1_152' title='bbox 1248 1790 1459 1844; x_wconf 78' lang='lat' dir='ltr'><strong>veritate</strong></span> <span class='ocrx_word' id='word_1_153' title='bbox 1500 1792 1724 1847; x_wconf 87' lang='lat' dir='ltr'><strong>nimium</strong></span> <span class='ocrx_word' id='word_1_154' title='bbox 1749 1793 1934 1849; x_wconf 80' lang='lat' dir='ltr'><strong>abhor-</strong></span> 
     </span>
     <span class='ocr_line' id='line_1_19' title="bbox 152 1869 1938 1948; baseline 0.007 -26"><span class='ocrx_word' id='word_1_155' title='bbox 152 1881 253 1923; x_wconf 86' lang='lat' dir='ltr'><strong>ret.</strong></span> <span class='ocrx_word' id='word_1_156' title='bbox 344 1869 434 1924; x_wconf 86' lang='lat' dir='ltr'><strong>Ex</strong></span> <span class='ocrx_word' id='word_1_157' title='bbox 477 1871 653 1944; x_wconf 82' lang='lat' dir='ltr'><strong>quibus</strong></span> <span class='ocrx_word' id='word_1_158' title='bbox 696 1870 957 1927; x_wconf 84' lang='lat' dir='ltr'><strong>clariffime</strong></span> <span class='ocrx_word' id='word_1_159' title='bbox 999 1870 1344 1945; x_wconf 70' lang='lat' dir='ltr'><strong>perspicitur,</strong></span> <span class='ocrx_word' id='word_1_160' title='bbox 1396 1892 1550 1947; x_wconf 81' lang='lat' dir='ltr'><strong>quam</strong></span> <span class='ocrx_word' id='word_1_161' title='bbox 1602 1895 1786 1948; x_wconf 76' lang='lat' dir='ltr'><strong>parum</strong></span> <span class='ocrx_word' id='word_1_162' title='bbox 1830 1881 1938 1934; x_wconf 80' lang='lat' dir='ltr'><strong>vti-</strong></span> 
     </span>
     <span class='ocr_line' id='line_1_20' title="bbox 150 1952 1935 2032; baseline 0.007 -25"><span class='ocrx_word' id='word_1_163' title='bbox 150 1952 307 2008; x_wconf 83' lang='lat' dir='ltr'><strong>litatis</strong></span> <span class='ocrx_word' id='word_1_164' title='bbox 355 1954 468 2009; x_wconf 81' lang='lat' dir='ltr'><strong>loca</strong></span> <span class='ocrx_word' id='word_1_165' title='bbox 519 1957 833 2028; x_wconf 79' lang='lat' dir='ltr'><strong>planetarum</strong></span> <span class='ocrx_word' id='word_1_166' title='bbox 887 1954 1250 2012; x_wconf 70' lang='lat' dir='ltr'><strong>heliocentrica</strong></span> <span class='ocrx_word' id='word_1_167' title='bbox 1301 1975 1371 2014; x_wconf 86' lang='lat' dir='ltr'><strong>ex</strong></span> <span class='ocrx_word' id='word_1_168' title='bbox 1424 1961 1828 2032; x_wconf 79' lang='lat' dir='ltr'><strong>oppositionibus</strong></span> <span class='ocrx_word' id='word_1_169' title='bbox 1881 1977 1935 2020; x_wconf 91' lang='lat' dir='ltr'><strong>et</strong></span> 
     </span>
     <span class='ocr_line' id='line_1_21' title="bbox 151 2039 1936 2107; baseline 0.007 -13"><span class='ocrx_word' id='word_1_170' title='bbox 151 2039 589 2096; x_wconf 65' lang='lat' dir='ltr'><strong>coniunctionibus</strong></span> <span class='ocrx_word' id='word_1_171' title='bbox 652 2058 773 2098; x_wconf 81' lang='lat' dir='ltr'><strong>cum</strong></span> <span class='ocrx_word' id='word_1_172' title='bbox 829 2041 933 2097; x_wconf 89' lang='lat' dir='ltr'><strong>sole</strong></span> <span class='ocrx_word' id='word_1_173' title='bbox 990 2041 1209 2098; x_wconf 61' lang='lat' dir='ltr'><strong>collecta:</strong></span> <span class='ocrx_word' id='word_1_174' title='bbox 1272 2045 1338 2101; x_wconf 85' lang='lat' dir='ltr'><strong>ad</strong></span> <span class='ocrx_word' id='word_1_175' title='bbox 1376 2045 1605 2103; x_wconf 80' lang='lat' dir='ltr'><strong>nostrum</strong></span> <span class='ocrx_word' id='word_1_176' title='bbox 1651 2049 1936 2107; x_wconf 86' lang='lat' dir='ltr'><strong>institutum</strong></span> 
     </span>
     <span class='ocr_line' id='line_1_22' title="bbox 149 2124 569 2199; baseline 0.005 -19"><span class='ocrx_word' id='word_1_177' title='bbox 149 2124 327 2181; x_wconf 78' lang='lat' dir='ltr'><strong>afferre</strong></span> <span class='ocrx_word' id='word_1_178' title='bbox 370 2139 569 2199; x_wconf 78' lang='lat' dir='ltr'><strong>queant.</strong></span> 
     </span>
    </p>

    <p class='ocr_par' dir='ltr' id='par_1_5' title="bbox 151 2203 1938 2981">
     <span class='ocr_line' id='line_1_23' title="bbox 308 2203 1938 2292; baseline 0.006 -24"><span class='ocrx_word' id='word_1_179' title='bbox 308 2203 357 2268; x_wconf 67' lang='grc'><strong>6.</strong></span> <span class='ocrx_word' id='word_1_180' title='bbox 393 2228 449 2277; x_wconf 82' lang='grc'><strong>5.</strong></span> <span class='ocrx_word' id='word_1_181' title='bbox 498 2213 653 2269; x_wconf 85' lang='lat' dir='ltr'><strong>Alter</strong></span> <span class='ocrx_word' id='word_1_182' title='bbox 692 2215 877 2271; x_wconf 81' lang='lat' dir='ltr'><strong>modus</strong></span> <span class='ocrx_word' id='word_1_183' title='bbox 929 2214 1038 2271; x_wconf 76' lang='lat' dir='ltr'><strong>loca</strong></span> <span class='ocrx_word' id='word_1_184' title='bbox 1081 2214 1434 2274; x_wconf 75' lang='lat' dir='ltr'><strong>heliocentrIca</strong></span> <span class='ocrx_word' id='word_1_185' title='bbox 1494 2218 1810 2292; x_wconf 78' lang='lat' dir='ltr'><strong>planetarum</strong></span> <span class='ocrx_word' id='word_1_186' title='bbox 1864 2237 1938 2278; x_wconf 80' lang='lat' dir='ltr'><strong>ex</strong></span> 
     </span>
     <span class='ocr_line' id='line_1_24' title="bbox 151 2294 1934 2375; baseline 0.007 -25"><span class='ocrx_word' id='word_1_187' title='bbox 151 2294 579 2354; x_wconf 76' lang='lat' dir='ltr'><strong>obseruationibus</strong></span> <span class='ocrx_word' id='word_1_188' title='bbox 615 2299 987 2357; x_wconf 73' lang='lat' dir='ltr'><strong>,astronomicis</strong></span> <span class='ocrx_word' id='word_1_189' title='bbox 1036 2301 1411 2375; x_wconf 77' lang='lat' dir='ltr'><strong>concludendi,</strong></span> <span class='ocrx_word' id='word_1_190' title='bbox 1476 2305 1529 2358; x_wconf 92' lang='lat' dir='ltr'><strong>in</strong></span> <span class='ocrx_word' id='word_1_191' title='bbox 1586 2306 1934 2362; x_wconf 81' lang='lat' dir='ltr'><strong>obseruatione</strong></span> 
     </span>
     <span class='ocr_line' id='line_1_25' title="bbox 152 2379 1935 2461; baseline 0.007 -27"><span class='ocrx_word' id='word_1_192' title='bbox 152 2379 421 2439; x_wconf 82' lang='lat' dir='ltr'><strong>latitudinis</strong></span> <span class='ocrx_word' id='word_1_193' title='bbox 467 2387 700 2459; x_wconf 86' lang='lat' dir='ltr'><strong>cuiusque</strong></span> <span class='ocrx_word' id='word_1_194' title='bbox 739 2387 978 2459; x_wconf 76' lang='lat' dir='ltr'><strong>planetae</strong></span> <span class='ocrx_word' id='word_1_195' title='bbox 1015 2386 1280 2461; x_wconf 71' lang='lat' dir='ltr'><strong>consistit·⁷</strong></span> <span class='ocrx_word' id='word_1_196' title='bbox 1337 2405 1402 2443; x_wconf 84' lang='lat' dir='ltr'><strong>ex</strong></span> <span class='ocrx_word' id='word_1_197' title='bbox 1445 2407 1539 2460; x_wconf 83' lang='lat' dir='ltr'><strong>qua</strong></span> <span class='ocrx_word' id='word_1_198' title='bbox 1594 2392 1631 2447; x_wconf 83' lang='lat' dir='ltr'>fi</span> <span class='ocrx_word' id='word_1_199' title='bbox 1674 2405 1782 2447; x_wconf 81' lang='lat' dir='ltr'><strong>tam</strong></span> <span class='ocrx_word' id='word_1_200' title='bbox 1829 2392 1935 2447; x_wconf 89' lang='lat' dir='ltr'><strong>loci</strong></span> 
     </span>
     <span class='ocr_line' id='line_1_26' title="bbox 154 2468 1936 2550; baseline 0.007 -29"><span class='ocrx_word' id='word_1_201' title='bbox 154 2468 414 2523; x_wconf 88' lang='lat' dir='ltr'><strong>nodorum</strong></span> <span class='ocrx_word' id='word_1_202' title='bbox 481 2489 637 2544; x_wconf 77' lang='lat' dir='ltr'><strong>quam</strong></span> <span class='ocrx_word' id='word_1_203' title='bbox 701 2473 965 2528; x_wconf 82' lang='lat' dir='ltr'><strong>inclinatio</strong></span> <span class='ocrx_word' id='word_1_204' title='bbox 1033 2472 1230 2528; x_wconf 83' lang='lat' dir='ltr'><strong>orbitae</strong></span> <span class='ocrx_word' id='word_1_205' title='bbox 1296 2474 1528 2545; x_wconf 81' lang='lat' dir='ltr'><strong>planetae</strong></span> <span class='ocrx_word' id='word_1_206' title='bbox 1587 2478 1648 2534; x_wconf 79' lang='lat' dir='ltr'><strong>ad</strong></span> <span class='ocrx_word' id='word_1_207' title='bbox 1721 2478 1936 2550; x_wconf 81' lang='lat' dir='ltr'><strong>planum</strong></span> 
     </span>
     <span class='ocr_line' id='line_1_27' title="bbox 153 2550 1937 2633; baseline 0.008 -29"><span class='ocrx_word' id='word_1_208' title='bbox 153 2550 413 2623; x_wconf 80' lang='lat' dir='ltr'><strong>eclipticae</strong></span> <span class='ocrx_word' id='word_1_209' title='bbox 437 2556 542 2612; x_wconf 80' lang='lat' dir='ltr'><strong>iam</strong></span> <span class='ocrx_word' id='word_1_210' title='bbox 586 2570 705 2613; x_wconf 80' lang='lat' dir='ltr'><strong>ante</strong></span> <span class='ocrx_word' id='word_1_211' title='bbox 748 2557 892 2614; x_wconf 76' lang='lat' dir='ltr'><strong>fuerit</strong></span> <span class='ocrx_word' id='word_1_212' title='bbox 932 2558 1164 2631; x_wconf 74' lang='lat' dir='ltr'><strong>cognita,</strong></span> <span class='ocrx_word' id='word_1_213' title='bbox 1213 2557 1353 2613; x_wconf 87' lang='lat' dir='ltr'><strong>locus</strong></span> <span class='ocrx_word' id='word_1_214' title='bbox 1392 2561 1623 2633; x_wconf 82' lang='lat' dir='ltr'><strong>planetae</strong></span> <span class='ocrx_word' id='word_1_215' title='bbox 1667 2562 1937 2619; x_wconf 79' lang='lat' dir='ltr'><strong>heliocen-</strong></span> 
     </span>
     <span class='ocr_line' id='line_1_28' title="bbox 154 2639 1937 2719; baseline 0.008 -27"><span class='ocrx_word' id='word_1_216' title='bbox 154 2639 303 2692; x_wconf 87' lang='lat' dir='ltr'><strong>tricus</strong></span> <span class='ocrx_word' id='word_1_217' title='bbox 346 2642 518 2712; x_wconf 81' lang='lat' dir='ltr'><strong>vtique</strong></span> <span class='ocrx_word' id='word_1_218' title='bbox 572 2643 740 2716; x_wconf 86' lang='lat' dir='ltr'><strong>colligi</strong></span> <span class='ocrx_word' id='word_1_219' title='bbox 798 2645 967 2719; x_wconf 89' lang='lat' dir='ltr'><strong>potest</strong></span> <span class='ocrx_word' id='word_1_220' title='bbox 992 2688 1007 2715; x_wconf 77' lang='lat'>,</span> <span class='ocrx_word' id='word_1_221' title='bbox 1065 2645 1499 2716; x_wconf 84' lang='lat' dir='ltr'><strong>quemadmodum</strong></span> <span class='ocrx_word' id='word_1_222' title='bbox 1557 2649 1834 2704; x_wconf 88' lang='lat' dir='ltr'><strong>ostenditur</strong></span> <span class='ocrx_word' id='word_1_223' title='bbox 1879 2651 1937 2707; x_wconf 85' lang='lat' dir='ltr'><strong>in</strong></span> 
     </span>
     <span class='ocr_line' id='line_1_29' title="bbox 153 2722 1938 2808; baseline 0.006 -29"><span class='ocrx_word' id='word_1_224' title='bbox 153 2722 517 2779; x_wconf 82' lang='lat' dir='ltr'><strong>Astronomica</strong></span> <span class='ocrx_word' id='word_1_225' title='bbox 565 2723 817 2800; x_wconf 85' lang='lat' dir='ltr'><strong>Gregorii.</strong></span> <span class='ocrx_word' id='word_1_226' title='bbox 910 2728 1013 2786; x_wconf 90' lang='lat' dir='ltr'><strong>Sed</strong></span> <span class='ocrx_word' id='word_1_227' title='bbox 1056 2732 1289 2804; x_wconf 79' lang='lat' dir='ltr'><strong>quamuis</strong></span> <span class='ocrx_word' id='word_1_228' title='bbox 1330 2730 1455 2787; x_wconf 82' lang='lat' dir='ltr'><strong>haec</strong></span> <span class='ocrx_word' id='word_1_229' title='bbox 1509 2735 1738 2808; x_wconf 74' lang='lat' dir='ltr'><strong>requisita</strong></span> <span class='ocrx_word' id='word_1_230' title='bbox 1782 2751 1938 2790; x_wconf 80' lang='lat' dir='ltr'><strong>exac-</strong></span> 
     </span>
     <span class='ocr_line' id='line_1_30' title="bbox 156 2807 1937 2886; baseline 0.008 -25"><span class='ocrx_word' id='word_1_231' title='bbox 156 2807 339 2864; x_wconf 86' lang='lat' dir='ltr'><strong>tiffime</strong></span> <span class='ocrx_word' id='word_1_232' title='bbox 383 2811 537 2866; x_wconf 78' lang='lat' dir='ltr'><strong>essent</strong></span> <span class='ocrx_word' id='word_1_233' title='bbox 581 2815 780 2883; x_wconf 80' lang='lat' dir='ltr'><strong>cognita</strong></span> <span class='ocrx_word' id='word_1_234' title='bbox 807 2858 822 2886; x_wconf 84' lang='lat'>‚</span> <span class='ocrx_word' id='word_1_235' title='bbox 879 2828 1052 2870; x_wconf 82' lang='lat' dir='ltr'><strong>tamen</strong></span> <span class='ocrx_word' id='word_1_236' title='bbox 1109 2817 1196 2872; x_wconf 80' lang='lat' dir='ltr'><strong>vel</strong></span> <span class='ocrx_word' id='word_1_237' title='bbox 1253 2817 1499 2874; x_wconf 87' lang='lat' dir='ltr'><strong>minimus</strong></span> <span class='ocrx_word' id='word_1_238' title='bbox 1554 2837 1698 2874; x_wconf 86' lang='lat' dir='ltr'><strong>error</strong></span> <span class='ocrx_word' id='word_1_239' title='bbox 1741 2821 1791 2873; x_wconf 91' lang='lat' dir='ltr'><strong>in</strong></span> <span class='ocrx_word' id='word_1_240' title='bbox 1837 2820 1937 2874; x_wconf 84' lang='lat' dir='ltr'><strong>ob-</strong></span> 
     </span>
     <span class='ocr_line' id='line_1_31' title="bbox 154 2891 1937 2981; baseline 0.002 -27"><span class='ocrx_word' id='word_1_241' title='bbox 154 2891 424 2954; x_wconf 81' lang='lat' dir='ltr'><strong>seruatione</strong></span> <span class='ocrx_word' id='word_1_242' title='bbox 445 2898 758 2956; x_wconf 46' lang='lat' dir='ltr'><strong>‘commissus</strong></span> <span class='ocrx_word' id='word_1_243' title='bbox 780 2943 799 2975; x_wconf 81' lang='lat'>‚</span> <span class='ocrx_word' id='word_1_244' title='bbox 839 2902 926 2975; x_wconf 87' lang='lat' dir='ltr'><strong>qui</strong></span> <span class='ocrx_word' id='word_1_245' title='bbox 967 2901 1140 2958; x_wconf 82' lang='lat' dir='ltr'><strong>euitari</strong></span> <span class='ocrx_word' id='word_1_246' title='bbox 1182 2903 1322 2960; x_wconf 88' lang='lat' dir='ltr'><strong>nullo</strong></span> <span class='ocrx_word' id='word_1_247' title='bbox 1365 2905 1532 2962; x_wconf 89' lang='lat' dir='ltr'><strong>modo</strong></span> <span class='ocrx_word' id='word_1_248' title='bbox 1573 2904 1745 2981; x_wconf 87' lang='lat' dir='ltr'><strong>potest</strong></span> <span class='ocrx_word' id='word_1_249' title='bbox 1771 2948 1785 2972; x_wconf 78' lang='lat'>,</span> <span class='ocrx_word' id='word_1_250' title='bbox 1811 2921 1937 2958; x_wconf 91' lang='lat' dir='ltr'><strong>con-</strong></span> 
     </span>
    </p>

    <p class='ocr_par' dir='ltr' id='par_1_6' title="bbox 1293 2989 1936 3049">
     <span class='ocr_line' id='line_1_32' title="bbox 1293 2989 1936 3049; baseline 0 -2"><span class='ocrx_word' id='word_1_251' title='bbox 1293 3018 1297 3022; x_wconf 39' lang='lat'>*</span> <span class='ocrx_word' id='word_1_252' title='bbox 1656 2989 1936 3049; x_wconf 71' lang='lat' dir='ltr'><strong>elusionem</strong></span> 
     </span>
    </p>
   </div>
  </div>
 </body>
</html>
