2451 3569
499 243 628 301 3⁵4
685 227 793 288 DE
836 196 1256 287 DEcmNAT.
1285 214 1531 280 SIDER.
1556 212 2104 282 DETERMINAT.
2135 215 2244 287 &a

493 384 554 441 sit
580 429 593 455 ,
638 385 706 437 ita
733 427 748 453 ,
791 394 850 436 ‘vt
892 381 995 436 hoc
1040 378 1201 434 modo
1246 375 1522 432 altitudines
1575 372 1803 443 syderum
1870 384 2065 445 praeter
2135 389 2252 447 pro-

491 488 606 545 pter
651 469 766 523 scire
811 467 1034 523 sufficiat.
1128 465 1281 520 Hunc
1322 463 1490 517 casum
1536 463 1799 533 praecipue
1839 459 2047 529 respicio
2073 504 2088 529 ,
2132 476 2253 515 cum

500 558 637 629 prior
681 554 808 610 casus
853 552 1209 608 obseruationis
1253 548 1433 617 syderis
1477 547 1536 601 ad
1584 546 1907 600 horizontem
1945 548 2091 601 tantis
2123 562 2257 600 erro-

500 643 636 696 ribus
680 641 932 694 obnoxius
975 639 1033 692 sit
1058 682 1071 708 ,
1118 649 1177 690 vt
1222 634 1371 688 istum
1432 632 1731 689 Astronomi
1768 675 1784 703 ‚
1839 641 2084 703 quantum
2147 630 2259 688 fieri

500 726 706 800 potest,
746 725 940 798 semper
984 725 1168 778 euitare
1211 720 1446 775 studeant.

655 852 935 909 Persuasum
982 852 1134 924 igitur
1189 848 1356 904 habeo
1382 894 1396 920 ‚
1460 850 1512 903 in
1580 848 1642 903 iis
1720 843 2264 924 Terrae-regionibus}

495 938 550 995 in
596 942 772 1013 quibus
817 939 1028 994 altitudo
1070 935 1318 991 solstitialis
1361 935 1600 990 brumalis
1657 948 1728 1000 25
1808 936 1981 1008 gradus
2031 932 2263 1006 superat,

498 1025 630 1080 hauc
677 1025 980 1080 methodum
1027 1022 1185 1095 probe
1239 1019 1555 1076 succeffiiram
1611 1021 1751 1092 eflez,
1810 1039 1928 1077 cum
1985 1019 2266 1076 differentia

500 1109 859 1167 restac‘tionum
888 1154 903 1178 ,
947 1125 1072 1178 quae
1116 1109 1167 1159 in
1223 1105 1327 1159 hoc
1381 1106 1494 1160 casn
1548 1106 1885 1162 altitudinibus
1950 1104 2271 1161 solstitialibus

501 1205 811 1264 competunt
838 1236 853 1262 ,
894 1192 1003 1245 satis
1043 1189 1223 1244 exaCta
1276 1188 1517 1242 habeatur
1540 1231 1556 1257 ‚
1621 1201 1682 1242 vt
1730 1192 1845 1245 inde
1907 1192 2066 1246 nullus
2125 1205 2267 1245 error

501 1277 733 1333 sensibilis
776 1277 831 1331 in
874 1274 1297 1332 determinatione
1340 1272 1601 1327 distantiae
1625 1275 1949 1348 tropicorumf
1985 1292 2134 1330 verae
2177 1289 2268 1329 ex-

505 1362 684 1436 surgat.
776 1361 1104 1437 Inuestigatio
1144 1374 1321 1414 autem
1377 1357 1727 1413 declinationis
1789 1356 1973 1426 syderis
2034 1375 2100 1414 ex
2168 1356 2267 1413 hac

503 1448 759 1505 methodo
781 1436 785 1439 ’
804 1447 1034 1503 resultans
1072 1447 1122 1500 ei
1159 1444 1402 1518 praestare
1468 1444 1670 1497 videtur
1695 1487 1710 1513 ,
1778 1444 1832 1497 in
1902 1460 1994 1516 qua
2057 1442 2272 1497 eleuatio

502 1535 779 1607 aequatoris
821 1547 876 1588 et
915 1531 1148 1602 syderum
1189 1529 1471 1585 altitudines
1513 1529 1817 1583 meridianae
1870 1529 2084 1583 extritae*
2128 1542 2276 1600 prae-

505 1619 886 1694 supponuntur3
932 1618 1110 1672 saltem
1155 1616 1208 1670 in
1251 1615 1336 1670 ista
1379 1613 1624 1669 eui—tantur
1663 1616 1897 1669 examina
1910 1607 2275 1670 'instrumento-

503 1723 620 1761 rum
644 1750 663 1777 ,
702 1706 878 1779 quibus
920 1702 1214 1777 cognoscere
1253 1702 1494 1757 debemus
1544 1717 1609 1754 an
1667 1699 1932 1756 diuisiones
2000 1700 2052 1754 in
2106 1697 2274 1755 limbo

510 1792 823 1847 instrumenti
868 1791 1100 1865 gradibus
1140 1788 1406 1843 altitudinis
1446 1784 1626 1855 syderis
1669 1784 1815 1858 super
1869 1785 2138 1840 horizonte
2194 1801 2272 1839 re-

507 1877 593 1932 <ste
633 1878 1002 1950 respondeant3
1050 1891 1174 1948 quae
1216 1890 1344 1929 vero
1387 1870 1557 1925 multis
1578 1869 1718 1944 saepe
1740 1870 2106 1927 difficultalibus
2131 1887 2276 1942 prae·

479 1955 678 2018 ¹sertim
725 1964 761 2019 fi
805 1963 1199 2018 instrumentum
1236 1959 1297 2014 fit
1341 1956 1647 2031 praegrande
1694 1956 1774 2011 vel
1830 1974 1982 2012 muro
2034 1958 2137 2011 iam
2194 1956 2281 2010 inc

508 2047 673 2103 fixum
700 2093 715 2119 ‚
758 2060 1058 2122 premuntur
1077 2090 1092 2118 ‚
1135 2058 1188 2101 et
1227 2044 1425 2100 subinde
1466 2058 1660 2099 errores
1701 2042 1833 2101 haud
1868 2043 2083 2118 exiguos
2103 2040 2162 2098 in
2182 2040 2276 2098 de-
2317 2058 2320 2062 “

509 2133 751 2191 :finiendis
789 2134 1123 2190 altitudinibus
1167 2131 1468 2205 producunt.

669 2261 733 2319 In
774 2265 833 2318 iis
876 2262 1198 2339 regionibus,
1240 2261 1292 2315 in·
1332 2258 1507 2333 quibus
1527 2252 1618 2316 Sol
1661 2269 1903 2333 tempore
1939 2256 2131 2316 solstitii
2155 2257 2272 2332 bru-

512 2349 660 2404 malis
702 2367 883 2421 parum
931 2349 1073 2422 super
1116 2348 1386 2405 horizonte
1443 2347 1494 2400 in
1546 2347 1826 2401 meridiano
1880 2344 2094 2401 eleuatus
2144 2360 2273 2399 con-

509 2433 715 2505 spicitur
736 2479 750 2506 ,
794 2436 948 2490 veluti
993 2437 1046 2491 in
1090 2434 1168 2489 his
1209 2433 1390 2506 terris;
1435 2429 1703 2487 methodus
1754 2429 1997 2486 hactenus
2046 2429 2276 2505 exposita

454 2588 455 2591 Ἰ
510 2534 617 2573 non
654 2536 811 2591 aeque
854 2521 1078 2575 succedet
1099 2564 1119 2590 ,A
1159 2537 1278 2575 cum
1322 2517 1545 2572 maiores
1582 2529 1637 2571 et
1675 2515 1930 2572 variabiles
1981 2517 2034 2571 in
2083 2514 2273 2584 vicinia

507 2598 790 2660 horizontis
831 2605 1154 2660 refradtiones
1193 2603 1604 2659 determinationi
1647 2601 1905 2657 distantiae
1949 2601 2272 2674 tropicorum

507 2705 659 2744 ‘verae
702 2706 889 2745 errores
930 2691 1118 2744 nimios
1160 2690 1385 2744 inducere
1427 2687 1642 2742 valeant.
1785 2688 2089 2744 Econtrario
2144 2686 2183 2742 fi
2221 2687 2273 2740 in

516 2773 599 2830 his
638 2776 757 2829 locis
797 2777 1160 2830 intrumentum
1207 2773 1395 2828 murale
1437 2774 1488 2826 in
1531 2770 1895 2847 septentrionali
1936 2773 2085 2846 plaga
2128 2781 2272 2827 extet

515 2872 582 2914 ”st
618 2866 720 2935 ope
762 2861 898 2918 istius.
935 2860 1102 2917 stellae
1163 2856 1553 2935 circumpolares
1603 2859 1659 2918 in
1698 2859 1985 2918 meridiano
2019 2857 2166 2934 supra
2217 2867 2274 2910 et

2149 2939 2287 3000 mstae
