2451 3569
467 216 584 274 328
675 208 787 268 DE
824 204 1147 266 RENIBVS
1183 199 1649 264 SVCCENTVR.
1682 203 1770 263 IN
1805 200 2056 263 FVERO
2089 204 2203 271 &aa

461 385 573 421 runi
623 366 978 438 posteriorum,
1020 381 1147 438 quae
1190 362 1429 417 consueto
1475 363 1636 416 modo
1680 379 1746 415 ex
1799 365 2017 419 coeli-aea
2087 361 2209 416 inci-

461 453 631 524 piente
658 451 757 521 ipfii
781 452 1024 522 prodeunt
1050 495 1063 520 ‚
1121 449 1269 502 altera
1327 448 1668 502 summitatem
1714 447 1880 502 dextri
1934 447 2207 503 renis-suc-

462 538 721 591 centuriati
768 536 1225 606 p1·aetergredien5‚
1293 550 1361 586 ex
1415 533 1602 604 angulo
1628 575 1641 602 ,
1688 548 1839 603 quem
1893 544 2087 588 truncus
2128 550 2204 587 ar-

462 625 612 675 teriae
656 635 706 673 et
762 637 924 674 ramus
961 619 1207 672 coeliae-ae
1251 617 1520 689 efficiunt3
1576 618 1744 671 'altera
1788 633 1918 671 vero
1961 617 2102 690 super
2148 617 2210 671 si-

463 706 618 759 nistro
662 704 978 776 progrediens
1026 704 1192 775 paullo
1234 701 1433 754 inferius
1474 714 1527 754 et
1572 700 1692 754 infra
1735 702 2013 756 coeliacum
2041 745 2055 771 ,
2097 718 2207 754 me-

463 788 696 842 firmicum
742 808 939 843 ramum
988 790 1290 859 superiorem
1358 787 1518 840 versus
1544 829 1557 855 ,
1603 788 1949 857 proueniebat,
1997 798 2205 856 Vtraque

463 875 796 944 diaphragma
842 877 1003 927 verius
1047 874 1289 944 assurgens
1333 888 1506 926 arcum
1550 872 1697 925 dabat
1723 917 1737 940 ‚
1781 874 1864 944 qui
1907 872 2030 926 dum
2088 865 2231 942 cap?

464 956 614 1010 sulam
664 961 882 1012 renalem
944 959 1269 1028 praeteriret,
1314 958 1480 1010 varios
1548 959 1766 1011 ramulos
1809 974 1900 1011 ceu
1945 957 2107 1010 radios
2159 957 2212 1008 in

457 1041 709 1111 superficie
754 1042 974 1113 capsulae
1015 1045 1067 1094 in
1112 1041 1324 1094 surculos
1368 1039 1460 1094 sele
1506 1039 1837 1114 dispergentes
1882 1040 2214 1108 dimittebat÷3
2259 1065 2263 1069 ·

462 1125 673 1194 superius
703 1144 825 1177 vero
852 1127 1000 1176 ramis
1026 1125 1286 1192 insignibus
1309 1125 1643 1195 diaphragma
1668 1129 1888 1197 petebat.
1951 1125 2092 1181 Flatu
2134 1140 2215 1200 anf
2273 1175 2277 1177 ,

460 1209 593 1259 teriis
620 1209 828 1277 propriis
855 1205 1124 1259 commisso
1148 1218 1197 1258 et
1245 1205 1464 1276 capsulae
1512 1210 1712 1278 adipola
1738 1212 1903 1262 tunica
1931 1209 2212 1279 siugulatim
2272 1211 2287 1218 ‘

460 1292 798 1361 eleuabantur,
837 1292 972 1362 quod
1008 1305 1160 1361 aeque
1197 1290 1419 1362 quidem,
1455 1290 1492 1344 si
1530 1294 1736 1345 arteriae
1791 1294 2059 1363 phrenicae
2116 1293 2211 1346 fine

458 1393 758 1430 communes
814 1375 1205 1445 insufflarentur‚
1259 1374 1338 1429 sed
1380 1391 1487 1428 non
1528 1388 1633 1429 tam
1679 1376 1962 1432 eminenter
2022 1376 2213 1447 fiebat·⁷

464 1463 608 1513 incisa
656 1477 804 1531 porro
849 1461 1014 1514 tunica
1054 1458 1299 1531 adiposa‚
1346 1477 1431 1513 aer
1476 1473 1735 1514 contentus
1790 1462 1990 1514 euanuit
2048 1476 2215 1512 reina-

463 1547 686 1610 nentibu}
732 1544 932 1615 capsulis
987 1545 1098 1616 ipsis
1173 1545 1392 1598 tumidis.
1507 1544 1753 1599 Nostrum
1781 1589 1794 1615 ‚
1866 1538 2000 1616 quod
2081 1545 2215 1597 circa

459 1629 582 1682 hacc
640 1630 992 1700 phaenomena
1047 1628 1142 1682 estv
1195 1630 1484 1698 iudicium⁷
1540 1643 1812 1700 putamuS,
1863 1634 1974 1701 quia
2031 1627 2215 1682 ramuli

461 1726 567 1767 tam
614 1715 672 1767 ab
725 1714 1014 1767 atrabilariis
1054 1731 1204 1785 quam
1250 1714 1501 1786 phrenicis
1545 1717 1760 1769 tunicam
1797 1716 2055 1786 adiposam
2103 1729 2216 1785 per-

459 1811 695 1869 reptant,
742 1798 1047 1871 apprehensu
1085 1797 1227 1852 facile
1282 1799 1377 1852 effe
1405 1843 1419 1869 ,
1475 1799 1632 1853 etiam
1693 1801 1965 1871 praefatam
2034 1799 2217 1870 adipo-

459 1882 563 1936 sam
612 1883 733 1937 flatu
788 1885 1033 1952 distendi,
1090 1884 1212 1937 dum
1255 1898 1426 1938 autem
1474 1885 1652 1938 ramuli
1709 1885 1990 1940 admodum
2047 1883 2217 1954 exigui

464 1981 514 2019 ct
562 1969 702 2038 pauci
747 1985 776 2020 a
822 1967 1070 2039 phrenicis
1123 1960 1268 2022 illam*
1305 1970 1524 2022 tunicam
1572 1971 1814 2041 adrepunt
1839 2013 1853 2038 ,
1899 1969 2218 2041 capsulaeque

462 2053 760 2107 atrabilariae
803 2055 955 2107 etiam
1001 2052 1257 2123 superficie
1324 2066 1462 2106 tenus
1506 2055 1634 2125 quali
1704 2067 1896 2108 tautum
1953 2055 2044 2108 illis
2101 2069 2212 2124 per-

382 2190 386 2193 ,
460 2149 722 2192 curruntur
748 2183 762 2209 >
805 2155 896 2191 nec
941 2140 1159 2191 tunicam
1206 2138 1616 2210 pinguedinofiim
1647 2183 1660 2207 ,
1707 2156 1798 2193 nec
1834 2138 2050 2211 capsulas
2074 2156 2100 2192 a
2126 2137 2211 2190 fla-

462 2234 515 2277 tu
560 2222 808 2294 phrenicis
852 2223 1074 2276 immisso
1117 2224 1300 2276 eodem
1355 2223 1517 2277 modo
1542 2223 1743 2293 attolli,
1789 2226 2007 2279 tunicam
2035 2223 2214 2292 adipo-

461 2307 570 2361 sam
618 2309 845 2362 inflatam
891 2325 1014 2361 vero
1041 2351 1055 2378 ,
1101 2307 1385 2362 vulnusculo
1432 2307 1563 2360 facto
1591 2351 1605 2378 ,
1650 2308 1882 2363 subsidere
1926 2308 2105 2362 relistis
2129 2323 2213 2358 ca-

406 2388 413 2394 ’
466 2391 604 2463 psulis
660 2393 798 2446 elatis
843 2392 977 2465 posse
1002 2435 1016 2460 ,
1063 2394 1175 2463 quia
1227 2395 1355 2447 rami
1400 2393 1621 2463 phrenici
1673 2408 1722 2447 et
1777 2394 1853 2462 his
1905 2405 1955 2446 et
2008 2392 2077 2444 illi
2135 2407 2214 2444 ra-

465 2476 632 2548 mulos
686 2477 956 2548 largiuntur
1001 2466 1210 2549 singulos
1253 2477 1481 2532 diuersos.
1569 2478 1696 2532 Vasa
1750 2477 2064 2546 caeteroquin
2098 2462 2208 2528 ‘ve-

466 2559 581 2615 nosa
626 2577 653 2613 a
695 2562 936 2615 confiietis
977 2563 1125 2629 lociS,
1174 2575 1232 2615 vt
1275 2563 1439 2615 dextri
1463 2562 1624 2615 lateris
1667 2577 1794 2615 vena
1851 2549 2126 2615 atrabilaria
2181 2578 2212 2619 a

464 2660 522 2699 v.
578 2662 694 2698 caua
749 2646 888 2717 ipfir,
943 2645 1109 2698 sinistri
1160 2645 1318 2698 lateris
1373 2647 1435 2699 ab
1496 2646 1781 2715 emulgente
1837 2646 2211 2718 procedebant,

467 2741 675 2799 Vtraque
720 2728 1126 2785 vena'*insuffl⁴.1ta
1171 2728 1390 2800 capsulae
1436 2730 1648 2783 nimium
1690 2730 2020 2786 eleuabantur.
2109 2727 2212 2806 Ca,-

469 2814 635 2887 psulae
679 2815 813 2889 ipsae
852 2817 904 2872 in
947 2814 1113 2871 nostro
1158 2814 1380 2869 subiecsto
1426 2832 1517 2869 ceu
1564 2815 1712 2869 massa
1758 2815 2016 2872 vesiculosa
2061 2814 2211 2884 adipe
2270 2839 2276 2843 ·

2007 2898 2207 2954 obscure
2228 2908 2245 2918 ⁷
