2451 3569
225 254 466 319 FIVNT
483 254 567 312 IN
593 248 808 313 CORP.
823 240 941 309 EX
968 249 1149 310 FILO
1165 247 1498 313 FLEXILI
1517 246 1877 314 StsxPENS.
1909 272 1983 325 99

223 411 376 466 lantes
417 406 652 462 maxime
697 405 933 463 affectant
959 449 972 475 ,
1018 407 1102 462 ille
1156 408 1227 462 est
1252 452 1266 478 ‚
1313 424 1418 479 quo
1487 408 1813 465 oscillationes
1866 409 1993 465 inter

219 510 401 551 ornnes
444 492 692 566 possibiles
738 494 861 548 fiunt
905 487 1216 546 lentiffimae.
1530 491 1538 495 ’

382 579 430 644 6.
456 597 515 646 4.
562 578 807 633 Similiter
847 575 1019 630 multis
1064 576 1175 629 imo
1221 588 1272 630 et
1315 575 1525 630 infinitis
1569 578 1744 632 modis
1804 578 1997 636 chorda

220 665 410 719 mufica
458 664 590 718 tenla
638 677 808 718 motus
854 662 960 716 suos
1002 663 1249 716 tremulos
1304 662 1543 717 efformat
1599 663 1894 719 isochronos
1939 667 1991 722 in

218 749 446 820 theoria,
492 750 720 821 quamuis
766 748 838 802 illi
882 746 1144 802 difficulter
1193 749 1540 819 obtineantur,
1587 748 1784 821 singulis
1819 764 1995 806 autem

218 836 392 890 modis
435 834 554 889 alius
599 836 762 890 editur
817 832 959 886 sonus
1003 833 1167 903 magis
1231 834 1464 885 minusue
1534 847 1717 889 acutus.
1805 836 1997 892 Modus

220 923 414 994 primus
455 933 506 974 et
556 922 788 974 maxime
833 915 1066 985 natuigilis
1111 916 1183 970 est
1209 961 1223 987 ,
1269 934 1423 988 quum
1472 917 1658 972 chorda
1696 921 1822 974 inter
1856 922 1993 976 oscil-

219 1005 428 1059 landum
471 1004 707 1057 efformat
753 1018 926 1055 arcum
975 1002 1218 1072 vnicum,
1265 1016 1482 1075 tuncque
1527 1002 1643 1056 facit
1672 1003 1999 1061 oscillationes

221 1088 542 1156 lentiffimaS‚
588 1088 870 1159 sonumque
917 1088 1023 1141 edit
1068 1089 1201 1141 inter
1250 1105 1433 1142 omnes
1474 1088 1722 1160 postibiles
1765 1091 2000 1145 maxime

219 1189 432 1247 grauem
456 1172 656 1245 reliquis
692 1172 935 1228 omnibus
960 1170 1410 1229 fundamentalem.
1461 1172 1649 1229 Modus
1688 1173 1805 1229 alter
1831 1176 1998 1248 postu-

209 1258 287 1314 vlat
330 1270 389 1312 vt
433 1256 621 1313 chorda
664 1260 794 1313 inter
837 1257 1168 1315 oscillandum
1210 1261 1334 1315 duos
1409 1278 1545 1314 arcus
1589 1260 1654 1314 ad
1722 1273 1887 1332 partes
1929 1263 1999 1316 di-

218 1341 385 1399 versas
428 1344 620 1416 positos
664 1343 921 1415 efformet,
981 1356 1200 1418 tuncque
1267 1345 1396 1400 fiunt
1443 1345 1773 1400 oscillationes
1841 1346 1999 1419 duplo

226 1429 589 1502 frequentiores
614 1473 629 1500 ‚
673 1432 878 1502 iamque
923 1430 1087 1484 editur
1154 1430 1261 1486 soni
1340 1430 1729 1487 fundamentalis
1785 1431 1999 1488 οὲῗαααε

192 1527 334 1583 ςτιιτῐῑ
379 1514 417 1570 fi
459 1513 653 1569 chorda
720 1514 848 1568 inter
909 1512 1231 1569 oscillandam
1278 1516 1558 1570 incuruatur
1601 1518 1654 1569 in
1700 1529 1799 1571 tres
1825 1560 1840 1587 ,
1875 1533 2003 1588 qua-

151 1647 155 1649 *
222 1612 338 1655 tuor
365 1640 381 1668 ‚
427 1600 646 1672 quinque
690 1610 790 1654 etc.
835 1609 973 1654 arcus
1014 1598 1198 1655 alterna
1243 1598 1360 1655 {erie
1402 1601 1587 1672 positos
1613 1645 1627 1672 ‚
1671 1599 1800 1654 fiunt
1860 1601 2002 1655 oscil-

220 1684 433 1740 lationes
499 1679 850 1740 vuiuscuiusuis
905 1701 1045 1740 arcus
1098 1686 1258 1758 triplo
1283 1729 1297 1756 ,
1354 1687 1635 1759 quadruplo
1664 1731 1677 1756 ,
1735 1685 2002 1759 quintuplo

222 1782 322 1825 etc.
371 1770 756 1843 fiequentioreS,
799 1770 1003 1842 sonique
1049 1770 1265 1824 eduntur
1309 1772 1507 1825 ratione
1552 1770 1658 1825 soni
1705 1770 2003 1826 fundamen-

226 1856 337 1910 talis
379 1856 584 1911 oblauae
625 1858 794 1928 quinta
821 1900 836 1925 ‚
880 1853 1056 1910 οέῗαιιιι
1101 1854 1309 1930 duplex,
1355 1856 1554 1911 offanae
1598 1855 1797 1930 duplicis
1842 1859 1997 1912 tertia

223 1943 383 1997 maior
431 1942 670 2013 proxime
711 1951 764 1993 et
808 1939 873 1994 fic
915 1955 1087 2012 porrO.
1175 1939 1455 1995 Inseruiunt
1500 1941 1596 1995 hae
1632 1941 2003 1998 obseruationes

223 2027 290 2083 ad
336 2025 498 2081 multa
541 2023 902 2099 phaenomena
960 2025 1171 2080 acustica
1214 2027 1345 2081 circa
1390 2025 1598 2081 chordas
1643 2027 1848 2081 musicas
1911 2044 1999 2083 ex-

224 2112 500 2185 plicaud213
568 2127 656 2166 cur
699 2128 753 2166 v.
800 2128 876 2184 gr.
925 2109 1032 2166 soni
1075 2123 1186 2166 tam
1255 2111 1424 2167 sonori
1485 2113 1608 2168 fint‘>
1624 2112 1676 2165 in
1725 2112 1844 2167 tuba
1891 2129 1997 2168 maae

225 2194 384 2254 rina}
426 2215 516 2253 cur
558 2197 611 2252 in
654 2195 756 2252 hoc
828 2186 1163 2253 instrumento
1204 2198 1497 2253 vuichordo
1536 2200 1569 2254 ii
1593 2209 1795 2252 tantum
1841 2200 2003 2254 modo

224 2282 331 2339 soni
387 2283 559 2356 grati,
604 2283 745 2355 pleni
814 2296 867 2337 et
913 2283 1126 2357 perfecti
1190 2284 1281 2339 sint
1308 2327 1323 2348 ‚
1390 2303 1508 2340 cum
1556 2303 1670 2358 pars
1738 2285 1959 2340 chordae
1984 2328 1999 2349 ,

166 2429 170 2431 λ
229 2387 356 2443 quae
403 2386 525 2439 arcu·
563 2369 782 2441 pulsatur
808 2415 823 2442 ‚
880 2370 1091 2442 praecise
1132 2362 1450 2443 submultipla
1506 2372 1577 2424 est
1628 2370 1849 2424 chordae
1920 2382 2003 2423 to⁴²

232 2453 376 2512 tius?
419 2468 470 2510 et
496 2472 643 2527 >quae
687 2455 795 2509 sunt
840 2469 950 2509 tam
997 2456 1050 2509 in
1094 2454 1195 2509 hoc
1239 2456 1578 2511 instrumento
1613 2455 1821 2524 musice,
1847 2471 2002 2527 quam

233 2540 289 2593 in
331 2541 434 2595 aliis
479 2541 834 2614 phaenomena
878 2542 1063 2614 reliqua
1092 2585 1105 2611 ,
1153 2558 1279 2614 quae
1331 2543 1513 2614 singula
1559 2560 1586 2596 a
1632 2538 1907 2597 Mersenno
1951 2543 2003 2594 in

234 2624 368 2679 libris
409 2625 839 2683 Harmonicorum
883 2627 1196 2683 recensentur
1241 2630 1474 2702 quidem,
1520 2642 1570 2682 at
1597 2629 1814 2684 minime
1870 2626 2007 2681 recte

236 2712 570 2783 explicantur.
662 2714 802 2769 Haec
846 2728 1018 2770 autem
1044 2715 1213 2769 obiter
1257 2715 1504 2770 monuiffe
1547 2714 1791 2770 sufficiat:
1849 2726 2008 2783 pergo

235 2814 368 2852 nunc
414 2796 474 2850 ad
519 2796 787 2869 problema
828 2801 1178 2856 mechanicum
1205 2845 1220 2871 ‚
1264 2817 1364 2874 quo
1388 2816 1746 2874 argumentum
1772 2801 1835 2853 de
1862 2795 2009 2851 oscil-

236 2876 512 2941 ‘lationibus
556 2884 852 2959 compositis
894 2885 1122 2940 .vlterius
1192 2888 1542 2963 explicabitur.

1067 2970 1205 3029 N2
1859 2966 2002 3034 ἂς.
